3376 5200
1419 315 1441 382 3

205 495 343 560 Proximi
376 499 526 561 accedunt
554 495 602 562 AIs
626 499 750 582 papyris
780 515 914 580 papyrus
937 498 1150 580 Lugdunensis
1181 501 1356 567 Leemansii
1385 506 1438 590 A„

84 599 315 666 Londinenecs
337 598 409 664 XLI
433 598 557 682 (XLII).

203 702 273 766 Iam
307 705 494 767 enumeratis
528 703 576 767 bis
608 706 748 787 papyris,
786 721 919 785 quorum
953 703 1002 770 illi
1038 706 1221 786 (Ptolemaei
1244 707 1326 791 dico)
1364 714 1439 776 sunt

80 826 126 870 ex
159 807 336 888 superiore,
373 806 405 870 hi
436 804 697 890 (Oboaobytarum
728 809 808 890 dico)
841 827 876 872 ex
906 807 1052 874 Inferiore
1080 813 1240 894 Aegypto,
1276 812 1367 878 facile
1391 817 1441 880 in-

82 911 297 992 tellegimus,
333 909 404 974 inde
433 911 470 974 ab
497 910 623 974 ineunte
653 911 775 976 saeculo
804 931 833 994 p.
863 908 896 975 6.
927 930 957 978 n.
981 911 1015 976 H
1046 931 1143 994 usque
1172 915 1212 978 ad
1240 933 1264 980 0.
1293 917 1311 982 Ι
1339 917 1440 983 iniens

84 1033 149 1094 per
177 1012 201 1082 6
225 1013 324 1096 igliur
348 1030 443 1080 annos
466 1031 596 1096 papyros
619 1015 780 1096 tamquam
803 1033 858 1095 per
882 1032 978 1079 annos
1002 1014 1143 1098 singulos
1164 1037 1231 1082 sese
1253 1021 1440 1101 excipientes

85 1117 248 1198 persequi
272 1133 327 1180 nos
350 1134 447 1197 posse.
472 1134 549 1197 quae
574 1136 644 1182 oum
667 1117 814 1195 1100101,
840 1136 875 1181 eo
898 1117 998 1200 magis
1021 1119 1190 1184 dolendum
1213 1125 1275 1202 001,
1300 1125 1381 1204 quod
1406 1145 1441 1190 er

85 1220 237 1284 saeculis
271 1219 326 1297 iis,
362 1219 482 1301 quael
512 1239 540 1284 a.
564 1218 596 1284 6.
621 1240 650 1284 n.
674 1240 698 1284 s.
732 1224 895 1298 secuntur,
933 1221 1101 1290 admodum
1135 1225 1225 1306 pauci
1258 1228 1367 1310 papyri
1401 1228 1440 1292 ad

90 1325 244 1386 nostram
267 1321 448 1388 memoriam
471 1327 688 1403 peruenerunt.
841 1307 848 1316 ’

209 1426 258 1489 Ad
288 1443 406 1489 annum
427 1445 457 1508 p.
482 1423 514 1489 o.
539 1445 568 1489 n.
595 1425 656 1492 138
686 1428 836 1492 Antonini
863 1428 1019 1492 annumI
1048 1429 1202 1495 referendi
1230 1437 1304 1497 sunt
1333 1434 1441 1516 papyri

95 1525 240 1592 Parisini
261 1527 398 1592 numeris
423 1528 462 1592 19
487 1521 582 1594 0119
606 1529 654 1594 bis
677 1529 838 1612 insigniti,
866 1529 979 1611 quibus
1002 1548 1112 1596 nomen
1136 1534 1243 1600 thema
1265 1538 1441 1618 genethlia-

99 1648 175 1693 oum
205 1629 397 1696 inscribitur.
435 1648 515 1695 anno
539 1651 569 1714 p.
593 1629 625 1697 C.
650 1653 679 1696 n.
706 1632 767 1697 154
800 1651 934 1716 papyrus
969 1632 1132 1700 Parisinus
1167 1656 1297 1704 numero
1323 1641 1361 1704 17
1391 1641 1442 1705 in·

98 1732 238 1814 signitus
268 1752 348 1800 anno
378 1735 498 1799 scilicet
526 1734 618 1800 XVII
647 1737 800 1801 Antonini
828 1735 880 1800 Pii
908 1736 1092 1819 imperantis
1120 1740 1254 1822 scriptus
1284 1748 1342 1810 est.
1386 1763 1438 1828 pp.
1477 1775 1478 1780 .

97 1837 267 1902 Parisinus
290 1855 341 1903 no.
358 1837 399 1902 68
423 1837 590 1920 insignitus
614 1844 644 1903 et
667 1859 719 1924 pp.
742 1840 844 1904 Musei
865 1842 944 1906 Brit.
961 1840 1102 1906 XLIIIus
1125 1844 1282 1924 pertinent
1305 1847 1345 1911 ad
1368 1865 1441 1911 cau·

96 1958 170 2004 sam
194 1940 380 2006 ludaeorum
403 1941 701 2020 Alexandrinorum,
735 1943 790 2025 qni
819 1946 959 2026 tompore
981 1944 1205 2027 imperatorum
1229 1949 1442 2016 Romanorum

98 2042 286 2108 seditionem
310 2043 460 2108 fecerant.
484 2043 538 2108 sed
560 2044 664 2126 ipsum
688 2063 815 2124 annum,
839 2065 899 2128 quo
914 2047 1024 2129 papyri
1046 2047 1098 2112 illi
1120 2050 1229 2131 scripti
1246 2055 1356 2132 essent,
1380 2070 1442 2116 non

100 2149 237 2230 contigit
273 2149 392 2213 elicere.
437 2166 518 2212 anno
546 2168 575 2231 p.
607 2147 639 2214 d.
670 2167 700 2212 n.
730 2148 793 2214 233
822 2150 1019 2231 imperatoris
1049 2152 1219 2218 Alexandri
1247 2151 1353 2219 Seueri
1381 2154 1443 2220 XII

100 2269 175 2332 pap.
214 2251 378 2318 Parisinus
413 2251 454 2321 69
492 2251 627 2334 scriptus
664 2254 721 2317 est.
767 2253 905 2316 succedit
943 2271 1075 2334 papyrus
1111 2273 1129 2318 a
1163 2255 1285 2321 doctore
1322 2256 1442 2322 Thoma

100 2353 217 2437 Young
252 2354 285 2417 in
319 2354 414 2434 libro,
451 2353 500 2418 oui
528 2353 687 2437 inscripsit
710 2355 954 2438 Hieroglypbica
980 2357 1123 2438 (graecus
1145 2357 1218 2436 46),
1252 2358 1440 2441 publicatus,

103 2457 160 2539 qui
184 2457 309 2539 quidem
335 2476 414 2522 anno
438 2456 502 2522 355
525 2451 660 2539 scriptus
684 2459 732 2522 est
755 2457 937 2523 Constantio
960 2462 1127 2543 regnaute;
1158 2462 1240 2526 inest
1263 2465 1368 2528 autem
1391 2465 1440 2529 in-

105 2562 278 2626 dictionum
302 2561 381 2645 cyoli
404 2562 506 2643 prima
529 2580 607 2645 quae
630 2581 712 2627 nunc
735 2566 834 2628 exstat
856 2564 983 2628 mentio.
1022 2582 1175 2646 papyrum
1199 2583 1277 2630 anno
1301 2585 1330 2648 p.
1354 2565 1388 2632 6.
1412 2588 1443 2633 n.

105 2664 168 2730 302
193 2668 380 2743 exaratum‚'
407 2667 460 2748 qui
483 2665 647 2744 Soobarei,
682 2667 764 2748 quod
787 2667 907 2731 Arabes
932 2667 1071 2749 Saqqara
1098 2667 1219 2748 dicunt,
1255 2688 1333 2734 anno
1360 2672 1445 2736 1870

106 2769 253 2833 iuuentus
280 2770 342 2847 001,
373 2768 472 2834 edidit
496 2770 651 2835 Aemilius
675 2771 777 2855 nger
807 2775 892 2849 (note
923 2790 975 2835 sur
1006 2791 1047 2835 un
1077 2790 1213 2855 papyrus
1243 2792 1316 2857 grec
1343 2772 1443 2839 inedit

107 2871 210 2936 1111110
239 2871 474 2953 arcbtoloquue
496 2873 619 2950 XXIII,
651 2873 742 2952 1872,
772 2894 801 2956 p.
829 2875 899 2951 137,
928 2873 1067 2939 Planobe
1096 2875 1151 2939 IV.
1176 2875 1241 2957 V.).
1286 2876 1446 2959 pertinent

106 2975 211 3038 autem
235 2977 274 3039 ad
290 2975 501 3040 Romanorum
525 2978 660 3041 aetatem
684 2977 781 3042 etiam
804 2976 913 3060 papyri
935 2977 983 3042 illi
1006 2978 1143 3042 Beroliui
1167 2981 1198 3042 et
1220 2979 1346 3061 Lipsiae
1370 2999 1444 3046 con-

110 3077 235 3156 seruati,
253 3096 329 3160 qnos
345 3079 441 3143 edidit
455 3078 593 3162 Parthoy
609 3099 635 3144 a.
651 3079 734 3144 1865
751 3081 794 3162 (in
811 3079 901 3144 Actis
917 3079 1065 3144 Academ.
1078 3081 1213 3145 Berolin.
1230 3101 1259 3164 p.
1275 3083 1445 3149 109-180

113 3177 363 3266 [Zauberpapyri]
382 3185 413 3246 et
430 3181 462 3244 in
480 3181 764 3266 Sitnungsberiobte
780 3185 834 3248 der
849 3182 966 3247 Berlin.
984 3183 1083 3247 Akad.
1103 3185 1240 3265 18610.
1257 3186 1443 3270 423-429)

112 3284 524 3350 01Νο01οΜ0100110101
548 3287 696 3350 instituto
720 3285 931 3368 archeologico
955 3287 995 3362 Π,
1019 3305 1049 3367 p.
1073 3285 1263 3354 438-462.
1278 3287 1303 3368 ³)

212 3387 272 3453 Sed
295 3387 359 3451 iam
382 3389 547 3470 paululum
571 3409 684 3472 quaeso
707 3390 925 3455 subsistamus.
962 3388 1062 3470 primo
1088 3389 1197 3454 statim
1222 3391 1368 3472 adspectu
1390 3410 1445 3474 par

110 3494 235 3575 longum
258 3495 399 3573 tempus,
427 3495 466 3556 ab
488 3491 614 3558 incunte
639 3492 707 3557 dico
730 3494 852 3558 saeculo
876 3496 949 3556 ante
972 3490 1006 3556 (l.
1030 3512 1060 3555 n.
1083 3491 1100 3555 I
1122 3511 1219 3575 usque
1243 3493 1282 3558 ad
1305 3493 1443 3559 medium

110 3595 266 3661 saeculum
295 3596 365 3675 post
388 3593 420 3658 O.
443 3615 474 3658 n.
498 3598 555 3672 II,
590 3596 689 3680 Igitur
718 3615 773 3678 per
803 3595 876 3663 CCL
904 3613 1016 3675 annos,
1051 3613 1239 3678 papyrorum
1272 3596 1444 3662 intermitti

113 3699 218 3763 seriem
241 3697 465 3779 intellegimus.
490 3717 567 3780 quae
590 3718 661 3764 oum
684 3701 730 3764 ita
753 3701 827 3780 sint,
851 3719 971 3764 summo
995 3700 1139 3782 equidem
1155 3700 1268 3784 gaudio
1284 3702 1445 3783 amplexus

113 3821 180 3866 snm
200 3819 354 3884 papyrum
376 3800 532 3866 ineditum
549 3802 819 3868 vindobonensem
844 3821 922 3867 anno
946 3806 1015 3886 post
1039 3802 1200 3869 Christum
1221 3808 1333 3870 natum
1357 3823 1400 3870 00.
1424 3805 1443 3870 8

115 3904 278 3985 scriptum,
315 3904 404 3968 cuius
426 3922 482 3989 ego
506 3905 651 3971 notitiam
675 3907 772 3971 debeo
797 3906 940 3990 egregiae
963 3906 1154 3972 humanitati
1181 3909 1241 3972 uiri
1270 3909 1444 3974 doctissimi

118 4008 151 4072 1.
171 4007 207 4071 de
231 4007 410 4089 Bergmann
443 4008 544 4074 musei
580 4009 751 4093 aegyptiaci
778 4009 1021 4076 vindobonensis
1054 4011 1263 4076 illustrIssimi
1297 4012 1444 4078 custodis.

116 4128 202 4192 quern
225 4109 349 4192 quidem
372 4129 524 4195 papyrum
547 4115 646 4194 primo
670 4131 789 4196 quoque
813 4115 962 4196 tempore,
985 4113 1011 4177 si
1035 4114 1162 4196 quidem
1184 4133 1231 4179 res
1249 4116 1444 4197 permittant,

117 4215 198 4278 edere
220 4232 270 4277 mo
292 4231 380 4295 posse
403 4231 502 4295 spero.
515 4211 542 4297 ⁴)
572 4233 668 4280 unum
691 4217 769 4281 mibi
791 4216 883 4282 liceat
906 4218 1026 4283 addere.
1058 4218 1173 4281 etenim
1196 4237 1214 4282 a
1236 4218 1345 4283 multis
1366 4219 1444 4284 uiris

118 4315 209 4380 doctis
232 4317 296 4380 iam
320 4317 429 4383 notata
451 4321 499 4383 est
522 4319 661 4386 Arabum
691 4338 824 4403 papyros
853 4320 1079 4386 inuenientium
1111 4321 1248 4387 amentia
1277 4323 1445 4389 0110110-

214 4486 233 4556 ³)
251 4485 317 4628 0011110
336 4488 473 4542 uolumiua
490 4489 643 4559 Hyperides
661 4490 694 4544 of.
707 4491 853 4560 Hyperidis
871 4491 1005 4545 orationes
1018 4492 1057 4547 ed.
1071 4494 1115 4551 Pr.
1128 4492 1215 4548 Blase.
1234 4493 1307 4562 Llps.
1320 4493 1444 4563 (Teubn.)

124 4572 433 4641 lfflpXHm'

124 4669 125 4674 ’
214 4660 233 4726 ⁴)
252 4661 305 4713 iarn
325 4658 413 4714 editus
433 4663 474 4715 est
491 4662 519 4715 in
542 4661 633 4716 Melet.
653 4661 768 4719 Vindob.
787 4661 906 4730 (Wiener
924 4663 1047 4730 Studien)
1066 4663 1111 4732 IV,
1130 4669 1154 4732 2,
1172 4681 1198 4734 p.
1219 4669 1269 4720 178
1287 4681 1325 4733 sq.
1373 4709 1376 4716 .
1411 4687 1414 4693 ·
1458 4683 1459 4686 ¹

1242 4754 1273 4803 1*
