3398 5206
257 285 278 350 2

259 477 296 540 01
321 473 501 556 inplicatam
525 471 612 536 illam
636 490 819 554 papyrorum
843 471 1029 553 scripturam
1058 470 1272 552 explicandam
1296 471 1327 533 et
1350 469 1595 552 intellegendam

257 577 401 640 idoneum
425 595 498 641 esse.
534 576 673 638 omnium
696 577 801 639 autem
825 573 1053 656 peritissimum
1076 591 1262 656 papyrorum
1285 591 1470 656 graecorum
1493 572 1595 655 scrip·

258 683 347 744 turae
377 681 533 744 contortae
563 682 594 742 et
623 677 848 756 difficillimae,
884 678 1026 759 equidem
1055 676 1275 741 Conradum
1305 678 1494 742 Leemans
1527 694 1595 740 esse

259 784 445 864 putauerim,
470 782 577 864 quiin
600 781 679 846 libro
703 781 831 862 optimo,
856 779 906 845 cui
928 779 1041 844 titulus
1064 784 1110 845 est
1133 782 1241 863 papyri
1265 779 1369 862 graeei
1392 781 1491 844 musei
1513 778 1598 843 anti·

261 885 362 968 quarii
385 884 502 968 publici
517 885 663 969 Lugduni
678 886 793 950 Bataui
816 904 843 948 a.
862 883 944 949 1843
968 902 1100 967 papyros
1124 902 1184 963 eos,
1209 885 1263 965 qui
1285 885 1409 949 fuerant
1424 882 1597 948 Ptolemaei

259 988 317 1053 filii
340 987 502 1067 Glauciae,
534 1006 617 1052 nunc
639 991 745 1052 autem
768 988 912 1070 Lugduni
936 989 1175 1070 conseruantor,
1211 986 1309 1053 edidit
1337 987 1452 1051 litteris
1476 985 1598 1069 signifi·

260 1097 344 1158 catos
366 1092 430 1157 his:
463 1093 502 1167 Β,
525 1089 559 1171 0,
583 1091 621 1166 D,
645 1090 680 1172 Ε,
705 1088 735 1168 8,
760 1089 796 1154 Τ.
829 1089 932 1154 adhuc
959 1089 1088 1154 fortasse
1117 1092 1150 1154 10
1179 1091 1290 1154 000010
1320 1091 1444 1172 papyri,
1479 1089 1532 1170 qui
1556 1087 1599 1151 ed

260 1196 339 1261 banc
363 1215 430 1259 rem
452 1195 611 1275 spectant,
641 1191 779 1256 nondum
802 1192 879 1256 editi
908 1192 1024 1267 latent;
1054 1191 1087 1254 id
1116 1192 1198 1273 quod
1222 1191 1311 1256 facile
1334 1192 1523 1256 concluseris
1546 1209 1597 1254 re-

262 1301 368 1382 specto
390 1315 507 1380 papyro
530 1295 601 1370 illo,
634 1312 725 1375 quem
748 1293 855 1375 paucis
880 1295 953 1359 ante
976 1294 1066 1359 annis
1090 1295 1190 1359 edidit
1212 1295 1257 1361 M.
1280 1295 1320 1359 H.
1346 1295 1429 1359 Weil
1452 1296 1485 1358 in
1507 1295 1597 1373 libre,
1617 1297 1620 1304 ’

261 1401 311 1466 001
339 1400 513 1482 inscripsit:
549 1397 718 1462 Nouveaux
748 1398 922 1480 fragments
954 1391 1132 1481 d'iiuripide
1162 1401 1192 1462 01
1222 1399 1358 1462 1001000
1381 1397 1485 1480 poetes
1508 1416 1599 1482 grece

260 1502 350 1568 Paris
376 1501 466 1566 1819.

364 1603 456 1670 Forte
480 1603 605 1670 fortuna
628 1604 752 1679 0001111,
776 1609 812 1668 01
835 1605 953 1668 multos
978 1623 1087 1687 eosque
1110 1606 1249 1688 egregios
1271 1604 1441 1670 habeamus
1457 1625 1598 1688 papyros,

262 1710 315 1792 qui
338 1713 476 1792 tempore
499 1707 632 1790 proximi
654 1708 788 1771 suntab
811 1708 864 1788 iis,
900 1727 975 1790 quos
998 1710 1090 1774 modo
1113 1709 1381 1791 enumerauimus,
1406 1710 1473 1774 dico
1502 1729 1600 1794 papy-

261 1832 321 1893 ros,
346 1812 399 1894 qui
422 1815 460 1877 01
484 1829 609 1875 causam
631 1809 790 1892 pertinent
813 1809 1109 1894 Choachytarum.⁹)
1151 1831 1229 1878 anno
1260 1814 1343 1878 enim
1374 1813 1600 1879 1820110100

263 1916 387 1981 chartas
416 1913 569 1998 plurimas
598 1913 632 1976 iu
661 1914 731 1978 uico
758 1932 853 1996 prope
884 1916 1005 1981 Thebas
1035 1918 1095 1980 0110
1124 1935 1197 1982 cum
1222 1934 1333 1995 graece
1356 1920 1425 1981 tum
1447 1917 1600 1982 demotioe

263 2020 396 2103 scriptas
418 2020 621 2097 inuenerunt,
656 2018 768 2099 quibus
792 2017 929 2082 inuentis
953 2019 992 2083 ad
1016 2019 1208 2100 scripturam
1231 2020 1446 2104 aegyptiacam
1469 2020 1599 2085 demoti·

263 2142 331 2188 cam
356 2123 566 2204 explicandam
589 2125 621 2184 et
645 2119 896 2202 inuestigandam
921 2123 1051 2186 materia
1075 2124 1107 2186 et
1129 2141 1204 2188 ansa
1230 2125 1303 2187 1010
1332 2126 1394 2201 001,
1429 2123 1461 2188 10
1485 2143 1547 2206 qua
1568 2143 1599 2188 re

263 2225 385 2310 egregie
407 2229 587 2290 mernerunt
612 2225 764 2290 Henricus
788 2225 827 2288 de
848 2225 989 2307 Brugsch
1014 2227 1078 2308 Bey
1101 2229 1132 2289 et
1154 2227 1311 2310 diogenius
1334 2227 1510 2308 Revillont,
1549 2227 1594 2310 qui

264 2349 347 2412 nunc
370 2329 494 2412 quidem
518 2329 566 2394 est
589 2328 651 2392 dux
672 2328 765 2410 atque
788 2327 918 2410 signifer
946 2329 979 2392 in
1009 2329 1134 2412 papyris
1157 2330 1319 2396 dometicis
1341 2329 1483 2412 legendis
1508 2335 1599 2414 atque

265 2433 468 2516 explicandis.

370 2536 430 2602 Sed
453 2535 517 2612 iam
540 2535 578 2598 ad
600 2552 725 2618 graecos
749 2539 952 2612 reuertamur,
978 2554 1108 2616 quorum
1131 2535 1206 2600 editi
1229 2539 1300 2600 sunt
1323 2535 1356 2600 hi

369 2639 398 2703 1.
422 2639 629 2703 Teurineuses
653 2639 750 2702 musei
771 2637 920 2720 Aegyptii
936 2637 974 2702 ab
990 2639 1129 2702 Amadeo
1145 2639 1285 2722 Peyrone
1306 2639 1443 2705 inlibro
1467 2641 1601 2724 egregio,

267 2741 317 2806 oui
340 2742 452 2807 titulus
477 2746 523 2806 est
546 2741 656 2825 papyri
678 2742 781 2822 graeci
803 2742 841 2806 R.
861 2741 1061 2807 Taurinensis
1084 2743 1183 2808 musei
1207 2744 1354 2825 Aegyptii
1379 2744 1601 2810 1826-1821

265 2845 381 2910 inserto
404 2846 563 2911 memoriis
585 2845 623 2910 R.
645 2844 830 2910 Academiae
853 2843 1053 2910 Taurinensis
1076 2847 1152 2909 tom.
1176 2846 1227 2922 29,
1250 2845 1270 2910 2
1296 2846 1418 2928 (1825),
1442 2867 1472 2929 p.
1494 2849 1536 2912 10
1550 2867 1602 2926 ss,

266 2951 344 3012 tom.
368 2950 418 3027 31,
443 2949 464 3012 2
488 2947 610 3031 (1821),
633 2967 664 3028 p.
688 2949 708 3012 9
731 2965 781 3025 00,
805 2952 880 3012 tom.
904 2949 955 3024 33,
979 2948 999 3012 2
1022 2949 1142 3028 (1829),
1165 2969 1194 3032 p.
1221 2949 1345 3015 1-80.

371 3053 400 3115 2.
423 3052 562 3116 Parisini
578 3051 618 3115 of.
634 3051 708 3116 Not.
725 3051 756 3115 et
772 3050 858 3115 thr.
874 3071 904 3114 n.
922 3050 943 3114 5
962 3052 1115 3137 (Brugsch
1130 3053 1177 3117 H:
1195 3053 1369 3117 manuscrit
1391 3052 1533 3136 bilingue
1549 3072 1604 3118 sur

268 3173 337 3237 pap.
362 3175 400 3218 en
424 3155 557 3220 teriture
580 3155 772 3238 demoticque
796 3158 827 3219 et
850 3174 888 3218 en
910 3174 1042 3239 grecque
1065 3156 1187 3222 cursivo
1212 3159 1306 3221 lettre
1328 3156 1346 3220 d
1369 3156 1413 3246 M.
1430 3157 1468 3222 10
1485 3157 1602 3240 Rougt.

266 3258 411 3337 Berolin,
427 3258 539 3343 Paris,
555 3258 649 3323 Lond.
668 3277 695 3322 a.
714 3258 808 3337 1850)
826 3259 856 3322 6.
875 3259 902 3323 7.
921 3258 998 3324 8.9.
1016 3258 1065 3322 14.
1084 3258 1133 3324 15.
1151 3258 1205 3342 (01.
1224 3258 1350 3324 Tauria.
1371 3260 1412 3342 1.)
1431 3260 1603 3326 1511016.

369 3362 632 3428 810011000000
667 3362 706 3426 of.
736 3360 1027 3430 10001011100.
1061 3363 1086 3440 l,
1115 3361 1267 3438 XXVIII,
1298 3361 1413 3440 XXIX,
1449 3363 1604 3428 XXXI-

370 3569 400 3632 4.
425 3568 648 3651 Lugdunenses
671 3568 711 3634 cf.
736 3569 888 3634 Leemaus
910 3569 931 3633 l.
950 3587 976 3633 c.
993 3588 1023 3634 0.
1047 3567 1164 3633 1-11.
1204 3569 1331 3634 Bocolrh
1351 3571 1384 3635 in
1407 3572 1497 3637 Actis
1520 3572 1605 3636 Aca·

268 3672 389 3742 demiae
410 3673 448 3740 R.
472 3671 608 3738 Berolin.
633 3691 660 3736 a.
686 3672 779 3752 1821,
803 3671 907 3737 lrleine
931 3671 1018 3737 Schr.
1042 3671 1081 3754 V,
1106 3672 1178 3738 205.

372 3776 402 3841 5.
426 3775 678 3840 vindobonensis
706 3795 755 3840 no.
779 3776 820 3842 26
848 3776 1031 3858 insignitus,
1067 3794 1159 3857 quem
1182 3776 1215 3840 in
1237 3795 1345 3842 museo
1368 3775 1402 3842 0.
1426 3778 1465 3845 R.
1488 3795 1604 3861 aegyp·

269 3881 352 3948 11000
367 3881 583 3945 conseruatum
599 3879 681 3944 edidi
696 3880 729 3945 10
744 3878 985 3945 Meletematnm
1001 3879 1286 3946 Vindobonensium
1304 3878 1444 3962 (Wiener
1460 3879 1604 3960 Studien)

270 3983 332 4052 vol.
355 3983 416 4065 III,
438 4002 470 4066 p.
492 3983 514 4047 4
536 4002 560 4048 0.

372 4085 402 4154 d.
426 4086 644 4151 Berolinensce
667 4085 743 4152 editi
765 4103 784 4150 a
807 4087 966 4169 Droyeeno
988 4086 1023 4150 in
1045 4085 1089 4153 M.
1112 4087 1171 4153 Rb.
1196 4087 1234 4151 V.
1258 4085 1290 4154 S.
1313 4087 1373 4167 ΙΙΙ,
1395 4086 1458 4152 481
1483 4105 1508 4152 s.
1533 4087 1564 4151 et
1587 4103 1607 4151 a

271 4183 463 4254 Buttmanno
487 4189 519 4254 in
542 4189 632 4254 Actis
656 4189 750 4254 Aoed.
774 4190 877 4254 Berol.
902 4209 929 4256 0.
954 4190 1047 4254 1824.

276 4373 278 4378 ’
374 4363 395 4428 ¹)
413 4376 474 4413 nam
499 4360 564 4414 haec
592 4365 633 4412 est
660 4359 786 4414 uocabuli
812 4359 899 4414 forma
926 4360 1063 4429 legitima,
1091 4361 1155 4415 dum
1173 4361 1222 4415 alii
1246 4379 1272 4416 u.
1292 4362 1318 4415 d.
1338 4361 1501 4430 Cbolcbytas
1520 4361 1608 4416 nomi-

271 4448 336 4498 nent
360 4445 433 4500 uiros
458 4445 521 4498 illos
545 4447 748 4513 ἐνταφιαετὰε,
776 4462 843 4515 quos
865 4447 1070 4516 franco-'gallice
1094 4447 1190 4501 dixeris
1214 4451 1415 4517 entreprenenrs
1434 4446 1480 4500 des
1498 4463 1608 4517 pompas

271 4530 409 4592 funebrem
429 4531 463 4585 cf.
482 4531 604 4601 Brugsch
623 4532 751 4588 zeitschr.
770 4531 817 4588 det
834 4532 1268 4603 1001001-000030011.8000110010.
1287 4533 1336 4590 Bd.
1348 4533 1396 4598 IV,
1412 4537 1476 4596 1oo;
1495 4533 1610 4588 Notices

271 4620 299 4672 et
316 4617 436 4672 Extraits
456 4622 496 4682 18,
515 4624 539 4682 2,
559 4634 583 4687 p.
603 4623 662 4672 380.
