3372 5216
215 259 257 326 46

319 465 399 531 266
497 468 694 546 πεντήκοντα
717 462 870 551 ῥυπ[αρὰ]
901 486 938 544 χρ
962 447 981 530 ii
1004 487 1022 544 ρ
1049 463 1238 547 (addendum
1256 465 1303 528 eat
1325 466 1453 543 χρυςίου
1469 486 1559 545 νομι-

423 570 546 651 ςμάτια)

320 672 398 736 Ε46
420 673 654 754 νομμ(ιςμὰτια)
681 677 699 737 δ
723 694 741 751 ρ

218 792 332 876 Papyri
355 792 499 873 Parisini,
524 793 573 858 cui
596 811 706 857 nomeu
730 793 778 857 est
802 791 931 858 Contrat
948 794 985 857 de
1003 791 1103 857 Vente
1128 792 1293 858 collection
1317 792 1453 875 Iomard,
1478 793 1560 857 ima-

220 898 292 977 gine
315 897 454 980 inspecta
476 897 553 962 baec
569 896 633 961 fere
648 895 703 963 lin.
721 895 764 960 24
778 897 864 979 lego:
888 895 974 960 τοῦτ’
990 897 1071 962 έςτιν
1087 899 1204 975 χρυςοῦ
1220 897 1403 976 νομιςμάτια
1419 897 1559 976 ῥυπαρά.

323 1013 352 1080 3.
377 1017 446 1081 λιτά
469 1017 490 1080 i.
514 1035 539 1080 a.
564 1015 720 1100 simplicia
743 1016 781 1080 of.

325 1117 413 1184 Cxx
436 1122 590 1200 κέρματος
614 1120 743 1200 κεράτια
765 1119 834 1184 λιτὰ
859 1120 936 1183 δέκα
958 1119 1091 1197 τέςςαρα
1114 1140 1176 1198 κερ.
1201 1119 1270 1183 λιτὰ
1295 1125 1323 1183 ιδ

222 1224 301 1288 hane
323 1223 491 1287 lectionem
513 1225 598 1288 recte
620 1241 652 1286 se
676 1223 786 1286 habere
810 1223 938 1303 apparet
961 1220 1074 1285 collato
1097 1221 1268 1289 uocabulo:

323 1343 353 1406 4.
378 1343 464 1408 ἁπλᾶ
493 1343 575 1426 quod
605 1345 706 1408 exstat
734 1343 765 1405 in
789 1361 860 1426 pap.
884 1341 1026 1406 Parisino
1049 1342 1147 1406 aubis
1170 1344 1224 1408 lin.
1248 1345 1291 1410 20
1320 1347 1450 1424 χρυςίου
1472 1368 1562 1426 νομι-

222 1448 334 1526 ςμάτια
357 1449 524 1513 δεςποτικὰ
549 1448 634 1512 ἁπλᾶ
657 1449 772 1526 δόκιμα
794 1469 882 1527 τρεια
906 1448 999 1512 ἑκτόν
1022 1469 1109 1526 παρα

324 1570 354 1635 5.
380 1586 504 1635 cucone
527 1570 565 1636 of.
590 1571 689 1636 near

557 1713 723 1771 γεροντιου
747 1689 941 1775 λινηφμκου)
968 1712 1006 1770 χρ
1029 1669 1047 1756 i
1070 1692 1219 1755 αναςπεί

326 1793 387 1858 Res
410 1793 478 1875 ipsa
501 1796 548 1858 est
571 1813 659 1858 noua.

325 1911 387 1977 Hic
416 1914 578 1995 tamquam
609 1913 786 1997 appendicia
814 1914 879 1978 loco
911 1912 1061 1978 nonnulla
1095 1913 1134 1976 de
1169 1911 1381 1977 numeralium
1416 1931 1564 1994 compen·
1684 1956 1685 1959 κ

224 2015 283 2080 diis
313 2015 441 2082 dicenda
470 2035 534 2082 esse
563 2016 758 2100 putauerim,
796 2017 828 2081 in
860 2016 972 2099 quibus
1002 2016 1162 2082 eliciendis
1187 2019 1219 2080 et
1242 2033 1298 2098 ego
1322 2016 1354 2081 et
1375 2035 1406 2079 u.
1430 2015 1459 2079 d.
1484 2015 1564 2099 prof.

226 2117 412 2185 Karabacek
441 2119 592 2187 adhibitis
621 2119 797 2186 rationibus
825 2119 948 2185 arabice
971 2120 1155 2203 conscriptis
1178 2138 1304 2202 operam
1328 2120 1480 2186 dedimus.
1515 2121 1567 2184 at-

226 2240 285 2303 que
308 2223 452 2288 uocabuli
480 2225 571 2303 tipice
599 2225 631 2288 iu
659 2223 887 2306 antiquissimis
910 2225 1036 2307 papyris
1060 2223 1279 2306 compendium
1303 2223 1469 2289 adhibetur
1490 2223 1566 2288 hoc:

228 2326 293 2412 tw,
318 2329 402 2392 cuius
425 2329 458 2392 in
482 2329 585 2394 locum
601 2328 640 2411 ³³)
664 2330 807 2395 Romana
830 2328 937 2394 littera
961 2327 1091 2393 Scerte
1113 2329 1184 2393 inde
1208 2328 1246 2391 ab
1266 2326 1405 2411 Augusti
1427 2331 1568 2411 tempore

227 2432 393 2512 successit,
423 2433 476 2514 qui
498 2432 535 2496 de
558 2432 768 2496 Romanorum
790 2436 943 2496 mensuris
966 2431 1100 2496 monetis
1122 2430 1313 2515 ponderibus
1336 2429 1467 2511 reliquis
1489 2447 1568 2512 geu-

227 2533 311 2596 tibus
334 2534 462 2598 intrusis
486 2554 553 2599 sese
575 2534 714 2600 iactabat
745 2535 784 2599 ef.
808 2533 892 2599 Cass.
916 2533 1040 2599 Dionis.
1065 2533 1084 2598 l.
1111 2533 1167 2606 52,
1198 2534 1240 2598 30
1266 2535 1305 2616 (a.
1332 2533 1395 2598 725
1418 2553 1445 2598 a.
1470 2554 1501 2598 u.
1525 2537 1565 2616 c.)
1683 2568 1684 2576 υ

227 2638 304 2715 μήτε
326 2640 364 2702 δέ
387 2638 559 2716 νομίςματα
581 2640 600 2716 ἢ
624 2640 675 2703 καὶ
698 2638 817 2716 ςταθμὰ
841 2640 859 2716 ἢ
884 2639 982 2717 μέτρα
1004 2638 1068 2721 ἰδίᾳ
1090 2658 1136 2702 τις
1160 2637 1266 2701 αὐτῶν
1291 2639 1345 2719 (sc.
1361 2641 1427 2701 τῶν
1443 2639 1567 2720 δήμων)

228 2741 327 2818 ἐχέτω
351 2740 432 2805 ἀλλὰ
454 2745 520 2806 τοῖς
543 2742 707 2820 ἡμετέροις
730 2743 780 2806 καὶ
803 2741 917 2807 ἐκεῖνοι
940 2742 1055 2808 πάντες
1079 2744 1273 2820 χρήςθωςαυ.
1307 2742 1399 2822 atque
1428 2741 1569 2823 primum

227 2844 363 2909 Romani
387 2844 470 2928 signi
491 2845 661 2927 uestigium
684 2847 785 2911 exstat
808 2846 841 2911 in
863 2863 979 2929 papyro
1001 2845 1145 2910 Parisino
1161 2845 1212 2924 62,
1237 2844 1294 2910 ccl.
1311 2843 1350 2923 V,
1373 2844 1429 2908 lin.
1453 2845 1502 2927 17,
1527 2845 1569 2909 18

228 2945 386 3030 bucusque
409 2967 481 3012 sane
505 2950 664 3032 neglecto,
689 2950 742 3032 qui
765 2950 907 3032 quidem,
930 2968 968 3014 ne
991 2951 1023 3014 iu
1047 2950 1200 3015 editorum
1224 2947 1437 3014 Parisinorum
1459 2949 1569 3014 lectio·

228 3051 320 3115 nibus
342 3050 516 3117 refutandis
539 3070 650 3129 morer,
674 3054 749 3118 haec
772 3053 909 3117 exbibet:

294 3175 338 3218 ως
360 3177 416 3233 της
437 3177 515 3236 μνας
538 3156 571 3220 ι(
594 3179 644 3222 και
666 3178 864 3233 καταγωγιον
888 3155 915 3220 S
940 3179 990 3222 και
1018 3177 1108 3236 τιμην
1131 3162 1290 3235 ςπυριδων
1312 3176 1363 3221 και
1386 3159 1465 3221 citu
1493 3176 1569 3232 ανη-

293 3262 424 3338 λωματα
448 3257 519 3324 uS(
542 3281 604 3324 ωςτ
628 3282 706 3326 ειναι
728 3259 786 3339 ιβδ

231 3379 309 3442 quae
332 3363 457 3444 quidem
481 3363 671 3445 computatio
693 3366 777 3428 recte
800 3381 833 3429 se
856 3362 968 3428 habet:

745 3483 784 3548 1(
842 3509 882 3540 =
908 3481 948 3546 10
1033 3487 1055 3564 ἦ

842 3614 881 3622 -
954 3593 961 3624 1

842 3634 881 3642 “·
948 3629 969 3668 ἶ

744 3688 828 3756 cS(
841 3715 881 3745 =
908 3691 922 3752 l
947 3691 1055 3771 pt}

590 3799 710 3864 faciunt
744 3799 812 3879 rssS
842 3782 1053 3882 :Ti—p—

334 3921 420 3986 Haec
448 3921 546 4005 igitur
576 3920 723 3986 dimidiae
756 3922 853 4005 partis
888 3921 1093 4006 significatio,
1131 3940 1209 4003 quae
1239 3921 1419 4005 saepissime
1451 3921 1483 3985 in
1514 3939 1571 4004 pa-

232 4026 317 4110 pyris
350 4027 428 4090 meis
463 4025 613 4104 occurrit,
652 4027 700 4090 est
732 4028 889 4111 Romana3
926 4030 1029 4111 partes
1061 4029 1166 4092 autem
1195 4025 1432 4109 tertiaquarta
1461 4026 1573 4107 quinta

234 4132 321 4193 sexta
344 4129 478 4210 septima
501 4132 612 4194 octaua
635 4148 716 4195 nona
743 4130 866 4196 decima
895 4130 1002 4194 eadem
1032 4129 1170 4209 ratione,
1205 4149 1265 4212 qua
1288 4130 1320 4193 in
1343 4128 1573 4212 antiquissimis

238 4232 364 4316 papyris
395 4249 413 4295 a
441 4231 582 4316 Peyrouo
610 4233 794 4298 Leemansio
824 4233 991 4298 Letronnio
1021 4235 1085 4297 iam
1114 4230 1233 4297 dudum
1259 4236 1421 4315 perspecta
1450 4231 1573 4316 signifi-

237 4337 363 4418 cantur3
387 4335 504 4400 etenim
527 4336 566 4399 ad
581 4336 702 4418 partem
724 4335 964 4420 significandam
987 4336 1158 4419 imponitur
1181 4355 1312 4402 numero
1336 4336 1451 4402 lineola
1475 4355 1573 4418 quae·

339 4526 369 4593 33)
389 4526 470 4580 aliam
489 4525 617 4581 dimidiae
636 4527 721 4595 partis
740 4526 970 4596 significationem
983 4543 1009 4581 u.
1022 4526 1048 4580 d.
1061 4525 1129 4594 prof.
1142 4526 1296 4580 Karabacek
1316 4526 1446 4580 detexisse
1462 4523 1574 4582 uidetur

234 4628 295 4666 sane
314 4614 540 4682 simplicissimam
558 4613 639 4668 hanc:
662 4615 700 4682 β’;
725 4614 772 4668 sed
795 4614 850 4667 iam
873 4614 1007 4668 sententia
1024 4616 1133 4667 'mutata
1151 4617 1255 4682 partem
1275 4615 1385 4666 tertiam
1402 4615 1430 4666 et
1447 4615 1573 4682 quartam
