3376 5200
274 309 312 378 18

271 499 464 566 delectione
487 497 829 577 reprcccobxornolim
853 495 988 574 dubites,
1012 495 1129 561 etenim
1153 496 1200 560 est
1221 492 1455 576 interpretatio
1482 488 1632 554 uocabuli

272 602 404 680 arabici,
439 602 520 682 quod
549 601 580 664 in
611 599 762 664 eiusmodi
792 598 909 663 libellis
937 597 1118 682 saepissime
1147 599 1297 673 eccumit3
1332 597 1414 662 adde
1450 593 1547 678 quod
1579 610 1632 656 uer

271 723 383 786 graeca
406 703 487 769 clare
511 707 542 768 et
563 701 724 785 perspicue
746 702 863 784 scripta
885 705 950 778 est;
984 701 1091 767 confer
1114 700 1225 767 deinde
1247 700 1448 767 uocabulum
1476 699 1632 778 κέρκωιιι

272 807 352 890 quod
380 805 539 871 inuenitur
571 805 605 869 in
639 803 841 887 scriptoribus
876 803 1007 870 medicis
1037 802 1174 870 Graecis.
1204 805 1252 868 est
1279 821 1396 868 nouum
1424 799 1632 866 uocabulum

271 928 426 993 graecum.

373 1013 573 1093 γραμματεῦ(
596 1011 695 1086 λόγου
719 1014 784 1076 τῶν
807 1011 1009 1090 ἐπικειμένων
1032 1011 1191 1090 δημοείων
1221 1009 1408 1091 interpretor
1446 1004 1630 1071 uernacula

271 1116 467 1182 offentlicher
488 1113 792 1179 'Iributeinnehmeu

374 1217 434 1296 Qui
469 1215 579 1300 papyri
616 1217 746 1281 eandem
783 1219 891 1281 nutem
926 1235 1001 1298 pree
1031 1236 1063 1281 se
1093 1216 1196 1280 lerunt
1226 1234 1321 1297 qnam
1351 1213 1472 1298 papyri
1510 1209 1629 1277 saeculi

273 1323 317 1387 VI
339 1324 370 1386 et
392 1322 452 1385 VH
481 1320 628 1385 ineuntis.
662 1321 838 1399 παγαμχίαι
863 1320 1069 1398 Ἑρμώνθεωι
1098 1320 1217 1383 mentio
1247 1317 1283 1382 fit
1311 1317 1344 1381 in
1373 1337 1424 1400 pp.
1454 1315 1544 1380 anni
1571 1313 1630 1378 730

272 1444 365 1507 quem
394 1423 492 1488 edidit
520 1423 624 1504 ligger
653 1422 686 1486 in
715 1422 821 1488 Revne
850 1420 1022 1504 archeolcg.
1048 1422 1131 1488 1812
1159 1442 1188 1505 p.
1215 1421 1275 1486 146
1301 1419 1535 1505 (quiquidem
1560 1435 1627 1500 per-

272 1546 362 1592 uerse
384 1525 510 1608 scripsit
533 1526 748 1608 nccepytccll.
782 1525 845 1591 iam
869 1529 906 1588 ut
928 1524 1063 1591 minores
1085 1545 1135 1590 ree
1158 1525 1312 1601 adferam,
1344 1543 1384 1588 ue
1406 1523 1536 1606 papyri
1561 1519 1626 1604 qui·

272 1632 343 1696 dem
375 1629 542 1694 fabricatio
578 1630 755 1711 interrupta
784 1631 849 1706 est,
883 1628 1042 1695 tributaue
1071 1647 1108 1693 ex
1136 1628 1261 1714 papyris
1289 1627 1400 1692 soluta
1421 1626 1558 1692 abolita
1589 1621 1623 1686 cf.

272 1732 491 1798 Gardthausen
515 1731 582 1796 Pal.
599 1730 650 1796 Gr.
677 1751 708 1814 p.
723 1732 775 1797 34.
810 1751 882 1796 sanc
905 1750 954 1796 res
977 1751 1082 1798 omnes
1105 1735 1213 1814 postea
1235 1731 1374 1796 mutatae
1397 1732 1489 1809 sunt,
1519 1730 1570 1795 ita
1593 1725 1625 1788 ut

272 1856 310 1901 ne
339 1854 451 1918 graeca
479 1835 606 1915 quidem
640 1834 749 1918 lingua
782 1836 830 1899 uti
863 1835 988 1900 licuerit
1018 1834 1057 1900 cf.
1087 1836 1193 1900 locum
1222 1833 1447 1918 grauissimum
1476 1829 1620 1913 Theopt.

271 1941 431 2021 chronogr.
456 1941 502 2002 ed.
525 1938 556 2004 J.
573 1938 701 2002 Classen
717 1937 741 2015 Ι,
757 1957 788 2021 p.
804 1937 878 2015 575,
898 1939 936 2002 12
956 1941 1019 2021 (an.
1035 1939 1110 2020 699)
1137 1941 1188 2004 καὶ
1212 1939 1347 2002 exutum
1373 1937 1455 2018 (scil.
1478 1933 1619 2013 Οὐαλίδ)

270 2044 447 2123 γράφειθαι
478 2041 646 2119 Ἑλληνιετὶ
675 2043 750 2106 τοὺ(
773 2043 942 2121 δημοείαυε
964 2047 1029 2108 τῶν
1052 2044 1245 2120 δογοθεείων
1267 2043 1403 2107 κώδικαε
1426 2039 1503 2105 ἀλλ’
1529 2039 1619 2116 Ἀρα-

271 2149 348 2229 stou
371 2146 453 2211 αὐτὰ
475 2146 760 2225 παραεημαίνειθαι
782 2147 879 2225 χωρὶς
901 2150 966 2210 τῶν
989 2147 1127 2227 ψήφων·
1155 2147 1261 2224 ἐπειδὴ
1285 2145 1447 2210 ἀδύνατον
1472 2148 1517 2226 τῇ
1545 2139 1619 2206 ἐκεί-

269 2272 336 2316 νων
359 2250 478 2333 γλώιεῃ
502 2249 627 2328 μονάδα
649 2251 668 2327 ἢ
692 2249 796 2314 δυάδα
818 2251 837 2327 ἢ
861 2250 976 2328 τριάδα
998 2252 1018 2328 ἢ
1042 2249 1127 2316 ὀκτὼ
1143 2249 1232 2328 ἥμιειι
1248 2251 1267 2327 ἢ
1284 2249 1355 2327 τρία
1365 2244 1391 2328 ⁹)
1415 2248 1616 2328 γράφεεθω·

271 2355 321 2419 διὸ
345 2355 395 2418 καὶ
419 2353 480 2416 ἕωι
503 2355 637 2431 ιήμερον
660 2351 734 2416 eicit
758 2353 812 2416 ιὺν
835 2355 944 2417 adroic
966 2353 1109 2432 νοτάριοι
1131 2352 1316 2432 Χριειιανοί,
1339 2355 1433 2432 atque
1456 2351 1559 2414 huius
1573 2343 1614 2409 rei

270 2458 367 2519 testes
395 2473 468 2518 sane
495 2455 634 2536 egregios
662 2453 729 2518 uidi
757 2472 888 2537 papyros
918 2458 982 2519 tres
1003 2455 1146 2520 Arabum
1175 2453 1283 2537 lingua
1305 2455 1463 2538 exaratos,
1502 2450 1613 2536 quiin

270 2562 359 2641 parte
390 2556 519 2621 sinistra
549 2573 693 2620 numeros
723 2573 848 2637 graecos
883 2554 1027 2620 exhibent
1061 2556 1248 2639 adscriptos,
1282 2557 1378 2638 script
1379 2575 1436 2621 ura
1465 2556 1610 2622 Arabum

271 2660 392 2726 scillcet
414 2659 491 2723 sinis
493 2663 629 2723 trorsum
652 2662 787 2722 exarata.

373 2762 546 2827 Rectet
492 2766 546 2826 aut
548 2781 597 2825 em
626 2761 683 2826 Let
686 2761 812 2827 ronnius
844 2760 980 2826 mihit
951 2760 1098 2828 statuisse
1129 2763 1216 2828 uidet
1203 2768 1255 2828 tur
1282 2765 1315 2828 in
1343 2762 1440 2847 libro,
1477 2764 1534 2828 cui
1564 2760 1609 2822 in·
1662 2747 1664 2902 ἱ

271 2865 398 2948 scripsit
384 2865 642 2930 tMateriauxe
667 2883 695 2946 q.
719 2882 761 2937 s..
789 2862 903 2928 Christ
880 2867 990 2944 tranos,
1014 2883 1091 2948 quos
1114 2871 1222 2932 consta
1223 2866 1406 2949 tepocham
1430 2869 1609 2977 martyrum

274 2967 355 3050 (siue
376 2967 500 3033 Dioclet
486 2969 578 3051 tiani)
605 2970 774 3045 adamasse,
798 2967 942 3052 Aegypto
911 2967 1004 3033 tab
1029 2968 1189 3034 Arabibus
1213 2973 1314 3051 capta,
1337 2988 1411 3034 cnm
1431 2970 1499 3035 iam
1523 2965 1607 3034 annis
1662 2920 1664 3075 ά

270 3074 492 3156 imperatorum
508 3072 556 3136 uti
572 3084 634 3136 non
650 3071 800 3151 licuisset,
824 3072 863 3136 ad
885 3073 1072 3137 indictiones
1094 3073 1269 3138 accuratius
1291 3073 1513 3156 significandas
1530 3072 1608 3136 hanc

271 3175 456 3258 epocham
447 3194 480 3238 rn
512 3192 603 3239 nsum
632 3194 724 3239 suum
753 3193 887 3240 necasse.
925 3176 1043 3240 etenim
1071 3175 1334 3241 indictionibus
1323 3176 1401 3258 ipsis
1430 3173 1605 3242 accuratius

270 3280 394 3363 signata
417 3283 490 3344 sunt
513 3281 716 3344 monumenta
683 3278 829 3344 thaec:

169 3376 171 3382 ’
325 3401 375 3466 pp.
400 3383 629 3464 Elephantinus
644 3383 779 3466 Youngii
795 3402 824 3465 p.
841 3382 883 3448 46
902 3385 977 3448 anni
992 3382 1056 3448 355
1071 3382 1134 3449 ind.
1154 3383 1193 3447 13
1212 3384 1290 3464 (16.)
1316 3383 1428 3448 titulus
1449 3377 1603 3448 PhilensIs

443 3486 525 3567 apud
549 3484 702 3551 Latronne
726 3487 898 3552 Materiaux
986 3508 1015 3569 p.
1040 3489 1081 3553 93
1104 3487 1179 3552 anni
1200 3487 1263 3551 577
1287 3487 1352 3551 ind.
1372 3486 1409 3549 11
1434 3484 1604 3571 imperante

443 3589 555 3652 lustin.
578 3589 622 3652 ΙΙ.
666 3585 670 3593 “

323 3711 373 3774 pp.
397 3693 606 3757 Berolinensis
628 3692 645 3756 Ι
668 3691 833 3758 Schmidtii
856 3692 959 3758 Plauii
982 3693 1102 3758 Phocae
1124 3695 1198 3759 anni
1220 3694 1271 3758 III
1293 3694 1359 3758 ind.
1388 3695 1427 3759 10

324 3814 375 3878 pp.
399 3795 611 3860 Berolinensis
633 3795 667 3859 II
691 3791 856 3862 Schmidtii
879 3796 982 3861 Flauii
1004 3795 1143 3863 Heraclii
1166 3798 1238 3864 anni
1261 3797 1305 3863 IV
1330 3798 1406 3880 (iud.
1430 3797 1461 3875 2)

324 3918 373 3982 pp.
399 3898 559 3962 Parisinus
582 3898 625 3964 20
646 3897 793 3963 Mauricii
815 3898 888 3963 anni
911 3898 1021 3965 XVIII
1043 3900 1108 3964 ind
1132 3901 1151 3965 3
1662 3887 1663 4080 l

323 4020 374 4084 pp.
398 4001 562 4066 Parisinus
584 4002 624 4066 21
649 4001 697 4066 Pl.
721 4002 860 4067 Heraclii
886 4003 961 4067 anni
984 4003 1030 4067 VI
1052 4002 1116 4067 ind.
1141 4004 1162 4067 5
1662 3989 1663 4012 ¹

324 4122 374 4186 pp.
397 4104 558 4170 ParisInus
581 4105 619 4169 21
623 4104 671 4169 bis
693 4104 840 4171 Mauricii
864 4106 938 4170 anni
960 4107 990 4170 X
1016 4105 1092 4188 (iud.
1112 4105 1220 4191 losll)
1247 4105 1328 4185 ἀρχή
1347 4105 1453 4172 ἰνδικτ.
1476 4124 1505 4169 ν.
1523 4106 1554 4170 in
1556 4103 1597 4168 fra

322 4225 373 4290 pp
388 4203 558 4272 Parisinus
581 4209 637 4274 alt
624 4212 672 4273 ter
693 4208 839 4275 Mauricii
862 4210 936 4275 anni
958 4210 1035 4274 XIV
1057 4210 1122 4275 ind.
1146 4211 1166 4274 3

322 4329 374 4393 pp.
399 4329 486 4375 meus
508 4311 601 4376 Pauli
624 4312 768 4397 Hypurgi
790 4313 836 4377 Pl.
861 4313 999 4378 Heraclii
1022 4315 1096 4379 anni
1119 4313 1164 4379 VI
1187 4313 1249 4379 ind.
1272 4314 1293 4377 4

324 4431 375 4495 pp.
397 4431 485 4478 meus
507 4412 630 4479 Aurelii
653 4414 756 4479 Minae
779 4415 827 4481 Pl.
851 4415 990 4480 Heraclii
1013 4418 1087 4481 anni
1111 4416 1190 4482 VIII
1212 4417 1278 4482 ind.
1300 4417 1321 4482 6

374 4565 395 4634 ⁹)
415 4566 559 4635 legendum
578 4584 633 4623 esse
651 4569 760 4625 uidetur
777 4569 877 4639 τρίτον
897 4570 931 4624 cl.
952 4570 1017 4637 η8γ’
1035 4593 1068 4618 =
1081 4571 1131 4640 89,
1152 4573 1183 4641 ¹l,
1203 4574 1231 4625 et
1248 4572 1327 4641 paulo
1345 4571 1417 4625 iufra
1440 4569 1595 4641 disquisitio·

269 4668 332 4707 nem
350 4652 561 4722 metrolcgicam.
