<?xml version="1.0" encoding="UTF-8"?>
<!DOCTYPE html PUBLIC "-//W3C//DTD XHTML 1.0 Transitional//EN"
    "http://www.w3.org/TR/xhtml1/DTD/xhtml1-transitional.dtd">
<html xmlns="http://www.w3.org/1999/xhtml" xml:lang="en" lang="en">
 <head>
  <title>
</title>
<meta http-equiv="Content-Type" content="text/html;charset=utf-8" />
  <meta name='ocr-system' content='tesseract 3.04.00' />
  <meta name='ocr-capabilities' content='ocr_page ocr_carea ocr_par ocr_line ocrx_word'/>
</head>
<body>
  <div class='ocr_page' id='page_1' title='image "./prolegomenaadpa00wessgoog/prolegomenaadpa00wessgoog_0074.png"; bbox 0 0 3372 5216; ppageno 0'>
   <div class='ocr_carea' id='block_1_1' title="bbox 1392 279 1430 346">
    <p class='ocr_par' dir='ltr' id='par_1_1' title="bbox 1392 279 1430 346">
     <span class='ocr_line' id='line_1_1' title="bbox 1392 279 1430 346; baseline -0.105 0"><span class='ocrx_word' id='word_1_1' title='bbox 1392 279 1430 346; x_wconf 88' lang='lat'>61</span> 
     </span>
    </p>
   </div>
   <div class='ocr_carea' id='block_1_2' title="bbox 89 463 1435 1068">
    <p class='ocr_par' dir='ltr' id='par_1_2' title="bbox 89 463 1435 1068">
     <span class='ocr_line' id='line_1_2' title="bbox 203 463 1434 550; baseline 0.005 -22"><span class='ocrx_word' id='word_1_2' title='bbox 203 464 222 528; x_wconf 94' lang='lat'><strong>8</strong></span> <span class='ocrx_word' id='word_1_3' title='bbox 245 463 326 530; x_wconf 89' lang='grc' dir='ltr'>ἔςτιν</span> <span class='ocrx_word' id='word_1_4' title='bbox 349 463 567 548; x_wconf 75' lang='lat' dir='ltr'>xperior...]</span> <span class='ocrx_word' id='word_1_5' title='bbox 591 464 712 530; x_wconf 85' lang='lat' dir='ltr'>ueeulis</span> <span class='ocrx_word' id='word_1_6' title='bbox 735 465 754 529; x_wconf 98' lang='lat'><strong>8</strong></span> <span class='ocrx_word' id='word_1_7' title='bbox 777 465 859 534; x_wconf 80' lang='grc' dir='ltr'>ἔςτιν</span> <span class='ocrx_word' id='word_1_8' title='bbox 882 485 1004 549; x_wconf 79' lang='lat' dir='ltr'>semper</span> <span class='ocrx_word' id='word_1_9' title='bbox 1026 467 1089 532; x_wconf 86' lang='lat' dir='ltr'>iere</span> <span class='ocrx_word' id='word_1_10' title='bbox 1113 471 1248 550; x_wconf 89' lang='lat' dir='ltr'>pretium</span> <span class='ocrx_word' id='word_1_11' title='bbox 1263 468 1315 533; x_wconf 94' lang='lat' dir='ltr'>uel</span> <span class='ocrx_word' id='word_1_12' title='bbox 1329 487 1434 534; x_wconf 89' lang='lat' dir='ltr'>rerum</span> 
     </span>
     <span class='ocr_line' id='line_1_3' title="bbox 93 567 1432 655; baseline 0.007 -26"><span class='ocrx_word' id='word_1_13' title='bbox 93 567 149 630; x_wconf 92' lang='lat' dir='ltr'>uel</span> <span class='ocrx_word' id='word_1_14' title='bbox 172 585 297 650; x_wconf 87' lang='lat' dir='ltr'>eperum</span> <span class='ocrx_word' id='word_1_15' title='bbox 329 567 497 649; x_wconf 82' lang='lat' dir='ltr'>significari</span> <span class='ocrx_word' id='word_1_16' title='bbox 525 571 655 651; x_wconf 85' lang='lat' dir='ltr'>apparet</span> <span class='ocrx_word' id='word_1_17' title='bbox 684 569 806 635; x_wconf 78' lang='lat' dir='ltr'>nolletis</span> <span class='ocrx_word' id='word_1_18' title='bbox 835 570 987 652; x_wconf 84' lang='lat' dir='ltr'>exemplis</span> <span class='ocrx_word' id='word_1_19' title='bbox 1013 571 1062 635; x_wconf 89' lang='lat' dir='ltr'>his</span> <span class='ocrx_word' id='word_1_20' title='bbox 1084 571 1169 636; x_wconf 87' lang='lat' dir='ltr'>Brrr</span> <span class='ocrx_word' id='word_1_21' title='bbox 1194 573 1245 655; x_wconf 88' lang='lat' dir='ltr'>(de</span> <span class='ocrx_word' id='word_1_22' title='bbox 1269 571 1432 638; x_wconf 89' lang='lat' dir='ltr'>uendendo</span> 
     </span>
     <span class='ocr_line' id='line_1_4' title="bbox 94 669 1434 756; baseline 0.004 -22"><span class='ocrx_word' id='word_1_23' title='bbox 94 669 236 734; x_wconf 83' lang='lat' dir='ltr'>aedificio</span> <span class='ocrx_word' id='word_1_24' title='bbox 260 670 395 752; x_wconf 89' lang='lat' dir='ltr'>quodam</span> <span class='ocrx_word' id='word_1_25' title='bbox 418 669 561 754; x_wconf 77' lang='lat' dir='ltr'>dieiturr)</span> <span class='ocrx_word' id='word_1_26' title='bbox 584 673 603 736; x_wconf 93' lang='lat'><strong>8</strong></span> <span class='ocrx_word' id='word_1_27' title='bbox 627 673 734 739; x_wconf 80' lang='grc' dir='ltr'>έςτιν</span> <span class='ocrx_word' id='word_1_28' title='bbox 758 675 886 753; x_wconf 92' lang='grc' dir='ltr'>χρυςίου</span> <span class='ocrx_word' id='word_1_29' title='bbox 909 677 1115 756; x_wconf 91' lang='grc' dir='ltr'>νομιςμάτια</span> <span class='ocrx_word' id='word_1_30' title='bbox 1137 678 1215 742; x_wconf 99' lang='grc' dir='ltr'>δέκα</span> <span class='ocrx_word' id='word_1_31' title='bbox 1236 677 1309 756; x_wconf 90' lang='grc' dir='ltr'>τρία</span> <span class='ocrx_word' id='word_1_32' title='bbox 1331 675 1434 740; x_wconf 81' lang='lat' dir='ltr'>Oxxr</span> 
     </span>
     <span class='ocr_line' id='line_1_5' title="bbox 89 773 1434 859; baseline 0.005 -22"><span class='ocrx_word' id='word_1_33' title='bbox 89 777 226 852; x_wconf 86' lang='grc' dir='ltr'>καρπῶν</span> <span class='ocrx_word' id='word_1_34' title='bbox 242 777 298 852; x_wconf 82' lang='grc' dir='ltr'>τῆς</span> <span class='ocrx_word' id='word_1_35' title='bbox 317 773 470 851; x_wconf 87' lang='grc' dir='ltr'>είςιούςης</span> <span class='ocrx_word' id='word_1_36' title='bbox 485 775 669 854; x_wconf 87' lang='grc' dir='ltr'>δωδεκάτης</span> <span class='ocrx_word' id='word_1_37' title='bbox 691 776 886 843; x_wconf 84' lang='grc' dir='ltr'>ίνδικτιῶνος</span> <span class='ocrx_word' id='word_1_38' title='bbox 908 779 927 842; x_wconf 92' lang='lat'><strong>8</strong></span> <span class='ocrx_word' id='word_1_39' title='bbox 952 779 1055 844; x_wconf 85' lang='grc' dir='ltr'>έςτιν</span> <span class='ocrx_word' id='word_1_40' title='bbox 1078 780 1207 858; x_wconf 90' lang='grc' dir='ltr'>χρυςίου</span> <span class='ocrx_word' id='word_1_41' title='bbox 1229 781 1434 859; x_wconf 91' lang='grc' dir='ltr'>νομιςμάτια</span> 
     </span>
     <span class='ocr_line' id='line_1_6' title="bbox 93 873 1435 962; baseline 0.004 -22"><span class='ocrx_word' id='word_1_42' title='bbox 93 876 183 941; x_wconf 89' lang='grc' dir='ltr'>ὀκτὼ</span> <span class='ocrx_word' id='word_1_43' title='bbox 198 873 295 956; x_wconf 66' lang='grc' dir='ltr'>’ἥμιςυ</span> <span class='ocrx_word' id='word_1_44' title='bbox 324 875 388 939; x_wconf 76' lang='lat' dir='ltr'>Da</span> <span class='ocrx_word' id='word_1_45' title='bbox 410 877 429 940; x_wconf 94' lang='lat'><strong>8</strong></span> <span class='ocrx_word' id='word_1_46' title='bbox 452 877 534 941; x_wconf 87' lang='grc' dir='ltr'>ἔςτι</span> <span class='ocrx_word' id='word_1_47' title='bbox 556 879 685 956; x_wconf 90' lang='grc' dir='ltr'>χρυςίου</span> <span class='ocrx_word' id='word_1_48' title='bbox 707 881 934 959; x_wconf 90' lang='grc' dir='ltr'>νομιςμάτιον</span> <span class='ocrx_word' id='word_1_49' title='bbox 962 881 1063 960; x_wconf 87' lang='grc' dir='ltr'>ἥμιςυ</span> <span class='ocrx_word' id='word_1_50' title='bbox 1091 885 1264 962; x_wconf 91' lang='grc' dir='ltr'>τέταρτον</span> <span class='ocrx_word' id='word_1_51' title='bbox 1293 881 1330 946; x_wconf 84' lang='lat' dir='ltr'>cf.</span> <span class='ocrx_word' id='word_1_52' title='bbox 1354 881 1435 946; x_wconf 71' lang='lat'>824</span> 
     </span>
     <span class='ocr_line' id='line_1_7' title="bbox 91 978 1433 1068; baseline 0.004 -26"><span class='ocrx_word' id='word_1_53' title='bbox 91 978 186 1044; x_wconf 83' lang='grc' dir='ltr'>Ε95.</span> <span class='ocrx_word' id='word_1_54' title='bbox 216 978 250 1043; x_wconf 94' lang='lat' dir='ltr'>in</span> <span class='ocrx_word' id='word_1_55' title='bbox 277 979 429 1044; x_wconf 80' lang='lat' dir='ltr'>eiusmodi</span> <span class='ocrx_word' id='word_1_56' title='bbox 457 979 666 1045; x_wconf 84' lang='lat' dir='ltr'>locutionibus</span> <span class='ocrx_word' id='word_1_57' title='bbox 695 983 926 1048; x_wconf 86' lang='lat' dir='ltr'>nominatiuum</span> <span class='ocrx_word' id='word_1_58' title='bbox 956 1001 1065 1050; x_wconf 85' lang='lat' dir='ltr'>essum</span> <span class='ocrx_word' id='word_1_59' title='bbox 1092 1004 1148 1068; x_wconf 90' lang='lat' dir='ltr'>pro</span> <span class='ocrx_word' id='word_1_60' title='bbox 1170 985 1316 1068; x_wconf 83' lang='lat' dir='ltr'>genetiuo</span> <span class='ocrx_word' id='word_1_61' title='bbox 1342 984 1433 1068; x_wconf 87' lang='lat' dir='ltr'>pretii</span> 
     </span>
    </p>
   </div>
   <div class='ocr_carea' id='block_1_3' title="bbox 92 1081 1434 1270">
    <p class='ocr_par' dir='ltr' id='par_1_3' title="bbox 92 1081 1434 1270">
     <span class='ocr_line' id='line_1_8' title="bbox 92 1081 1434 1170; baseline 0.004 -25"><span class='ocrx_word' id='word_1_62' title='bbox 92 1100 220 1163; x_wconf 82' lang='lat' dir='ltr'>semper</span> <span class='ocrx_word' id='word_1_63' title='bbox 235 1081 375 1147; x_wconf 81' lang='lat' dir='ltr'>adhiberi</span> <span class='ocrx_word' id='word_1_64' title='bbox 390 1082 522 1164; x_wconf 84' lang='lat' dir='ltr'>dignum</span> <span class='ocrx_word' id='word_1_65' title='bbox 545 1087 603 1164; x_wconf 85' lang='lat' dir='ltr'>est,</span> <span class='ocrx_word' id='word_1_66' title='bbox 627 1087 707 1166; x_wconf 87' lang='lat' dir='ltr'>qued</span> <span class='ocrx_word' id='word_1_67' title='bbox 730 1088 865 1152; x_wconf 89' lang='lat' dir='ltr'>notetur.</span> <span class='ocrx_word' id='word_1_68' title='bbox 890 1087 1055 1169; x_wconf 78' lang='lat' dir='ltr'>respondet</span> <span class='ocrx_word' id='word_1_69' title='bbox 1077 1094 1181 1154; x_wconf 89' lang='lat' dir='ltr'>autem</span> <span class='ocrx_word' id='word_1_70' title='bbox 1197 1106 1331 1169; x_wconf 86' lang='lat' dir='ltr'>summa,</span> <span class='ocrx_word' id='word_1_71' title='bbox 1356 1105 1434 1170; x_wconf 89' lang='lat' dir='ltr'>quae</span> 
     </span>
     <span class='ocr_line' id='line_1_9' title="bbox 92 1187 687 1270; baseline 0.007 -22"><span class='ocrx_word' id='word_1_72' title='bbox 92 1187 368 1259; x_wconf 75' lang='lat' dir='ltr'>commemoratur,</span> <span class='ocrx_word' id='word_1_73' title='bbox 392 1190 515 1250; x_wconf 87' lang='lat' dir='ltr'>nestrae</span> <span class='ocrx_word' id='word_1_74' title='bbox 537 1187 687 1270; x_wconf 79' lang='lat' dir='ltr'>pecuniae</span> 
     </span>
    </p>
   </div>
   <div class='ocr_carea' id='block_1_4' title="bbox 403 1307 1125 1600">
    <p class='ocr_par' dir='ltr' id='par_1_4' title="bbox 403 1307 1125 1600">
     <span class='ocr_line' id='line_1_10' title="bbox 403 1307 1125 1394; baseline 0.008 -23"><span class='ocrx_word' id='word_1_75' title='bbox 403 1307 607 1386; x_wconf 89' lang='grc' dir='ltr'>νομιςμάτιον</span> <span class='ocrx_word' id='word_1_76' title='bbox 630 1309 665 1372; x_wconf 87' lang='grc' dir='ltr'>ἕν</span> <span class='ocrx_word' id='word_1_77' title='bbox 683 1358 863 1376; x_wconf 91' lang='grc'><strong>.........</strong></span> <span class='ocrx_word' id='word_1_78' title='bbox 895 1309 935 1374; x_wconf 84' lang='grc'>12</span> <span class='ocrx_word' id='word_1_79' title='bbox 957 1309 1001 1373; x_wconf 88' lang='grc' dir='ltr'>Μ.</span> <span class='ocrx_word' id='word_1_80' title='bbox 1025 1310 1066 1376; x_wconf 89' lang='grc'>69</span> <span class='ocrx_word' id='word_1_81' title='bbox 1097 1332 1125 1394; x_wconf 87' lang='grc' dir='ltr'>ρ.</span> 
     </span>
     <span class='ocr_line' id='line_1_11' title="bbox 405 1411 1113 1498; baseline 0.007 -24"><span class='ocrx_word' id='word_1_82' title='bbox 405 1411 533 1494; x_wconf 83' lang='grc' dir='ltr'>κεράτια</span> <span class='ocrx_word' id='word_1_83' title='bbox 555 1411 636 1476; x_wconf 88' lang='grc' dir='ltr'>ἑπτά</span> <span class='ocrx_word' id='word_1_84' title='bbox 661 1411 869 1498; x_wconf 81' lang='lat'>(53&gt;&lt;7=)</span> <span class='ocrx_word' id='word_1_85' title='bbox 916 1415 936 1476; x_wconf 91' lang='grc'>3</span> <span class='ocrx_word' id='word_1_86' title='bbox 973 1442 988 1477; x_wconf 79' lang='lat' dir='ltr'>n</span> <span class='ocrx_word' id='word_1_87' title='bbox 1025 1415 1064 1478; x_wconf 75' lang='lat'>71</span> <span class='ocrx_word' id='word_1_88' title='bbox 1099 1444 1113 1479; x_wconf 84' lang='grc' dir='ltr'>υ</span> 
     </span>
     <span class='ocr_line' id='line_1_12' title="bbox 472 1515 1113 1600; baseline 0.009 -22"><span class='ocrx_word' id='word_1_89' title='bbox 472 1542 487 1577; x_wconf 82' lang='grc' dir='ltr'>ιι</span> <span class='ocrx_word' id='word_1_90' title='bbox 555 1515 644 1593; x_wconf 85' lang='grc' dir='ltr'>ἥμιςυ</span> <span class='ocrx_word' id='word_1_91' title='bbox 662 1565 864 1583; x_wconf 88' lang='grc'><strong>..........</strong></span> <span class='ocrx_word' id='word_1_92' title='bbox 895 1553 935 1563; x_wconf 89' lang='lat'><em>-</em></span> <span class='ocrx_word' id='word_1_93' title='bbox 1023 1517 1113 1600; x_wconf 51' lang='lat'>263„</span> 
     </span>
    </p>
   </div>
   <div class='ocr_carea' id='block_1_5' title="bbox 473 1617 1117 1806">
    <p class='ocr_par' dir='ltr' id='par_1_5' title="bbox 473 1617 1117 1806">
     <span class='ocr_line' id='line_1_13' title="bbox 473 1617 1112 1704; baseline 0.008 -23"><span class='ocrx_word' id='word_1_94' title='bbox 473 1646 488 1681; x_wconf 79' lang='grc' dir='ltr'>υ</span> <span class='ocrx_word' id='word_1_95' title='bbox 556 1617 709 1698; x_wconf 88' lang='grc' dir='ltr'>τέταρτον</span> <span class='ocrx_word' id='word_1_96' title='bbox 729 1670 863 1688; x_wconf 85' lang='grc'><strong>.......</strong></span> <span class='ocrx_word' id='word_1_97' title='bbox 893 1657 935 1668; x_wconf 90' lang='grc'><strong>-</strong></span> <span class='ocrx_word' id='word_1_98' title='bbox 1025 1622 1112 1704; x_wconf 49' lang='lat' dir='ltr'>litte</span> 
     </span>
     <span class='ocr_line' id='line_1_14' title="bbox 897 1724 1117 1806; baseline 0 -18"><span class='ocrx_word' id='word_1_99' title='bbox 897 1725 936 1789; x_wconf 83' lang='lat'>16</span> <span class='ocrx_word' id='word_1_100' title='bbox 958 1724 1001 1792; x_wconf 92' lang='grc' dir='ltr'>Μ.</span> <span class='ocrx_word' id='word_1_101' title='bbox 1024 1724 1067 1792; x_wconf 90' lang='grc'>80</span> <span class='ocrx_word' id='word_1_102' title='bbox 1087 1743 1117 1806; x_wconf 91' lang='lat' dir='ltr'>p.</span> 
     </span>
    </p>
   </div>
   <div class='ocr_carea' id='block_1_6' title="bbox 88 1839 1432 2546">
    <p class='ocr_par' dir='ltr' id='par_1_6' title="bbox 88 1839 1432 2233">
     <span class='ocr_line' id='line_1_15' title="bbox 197 1839 1432 1929; baseline 0.005 -25"><span class='ocrx_word' id='word_1_103' title='bbox 197 1839 293 1906; x_wconf 89' lang='lat' dir='ltr'>Porro</span> <span class='ocrx_word' id='word_1_104' title='bbox 316 1860 361 1921; x_wconf 86' lang='lat' dir='ltr'>ea,</span> <span class='ocrx_word' id='word_1_105' title='bbox 385 1861 462 1925; x_wconf 87' lang='lat' dir='ltr'>quae</span> <span class='ocrx_word' id='word_1_106' title='bbox 485 1845 642 1928; x_wconf 83' lang='lat' dir='ltr'>secuntur,</span> <span class='ocrx_word' id='word_1_107' title='bbox 665 1843 859 1927; x_wconf 81' lang='lat' dir='ltr'>inuestigaui</span> <span class='ocrx_word' id='word_1_108' title='bbox 882 1846 914 1909; x_wconf 94' lang='lat' dir='ltr'>in</span> <span class='ocrx_word' id='word_1_109' title='bbox 929 1846 1040 1927; x_wconf 90' lang='lat' dir='ltr'>primis</span> <span class='ocrx_word' id='word_1_110' title='bbox 1056 1846 1197 1911; x_wconf 85' lang='lat' dir='ltr'>adhibite</span> <span class='ocrx_word' id='word_1_111' title='bbox 1214 1865 1265 1929; x_wconf 95' lang='lat' dir='ltr'>pp.</span> <span class='ocrx_word' id='word_1_112' title='bbox 1284 1845 1383 1912; x_wconf 83' lang='lat' dir='ltr'>Oxxr</span> <span class='ocrx_word' id='word_1_113' title='bbox 1396 1847 1432 1911; x_wconf 90' lang='lat' dir='ltr'>b:</span> 
     </span>
     <span class='ocr_line' id='line_1_16' title="bbox 88 1945 1432 2031; baseline 0.005 -23"><span class='ocrx_word' id='word_1_114' title='bbox 88 1945 143 2009; x_wconf 88' lang='grc' dir='ltr'>καὶ</span> <span class='ocrx_word' id='word_1_115' title='bbox 167 1945 249 2022; x_wconf 89' lang='grc' dir='ltr'>πρὸς</span> <span class='ocrx_word' id='word_1_116' title='bbox 271 1946 427 2025; x_wconf 82' lang='grc' dir='ltr'>ὑμετέραν</span> <span class='ocrx_word' id='word_1_117' title='bbox 450 1946 623 2027; x_wconf 87' lang='grc' dir='ltr'>ἀςφάλειαν</span> <span class='ocrx_word' id='word_1_118' title='bbox 646 1951 764 2027; x_wconf 89' lang='grc' dir='ltr'>ταύτην</span> <span class='ocrx_word' id='word_1_119' title='bbox 787 1950 886 2027; x_wconf 89' lang='grc' dir='ltr'>αιίτήν</span> <span class='ocrx_word' id='word_1_120' title='bbox 910 1951 1056 2029; x_wconf 86' lang='grc' dir='ltr'>ἐποίημαι</span> <span class='ocrx_word' id='word_1_121' title='bbox 1072 1954 1130 2031; x_wconf 85' lang='grc' dir='ltr'>τὴν</span> <span class='ocrx_word' id='word_1_122' title='bbox 1145 1950 1306 2018; x_wconf 86' lang='grc' dir='ltr'>ἀπόδειξιν</span> <span class='ocrx_word' id='word_1_123' title='bbox 1322 1951 1432 2029; x_wconf 92' lang='grc' dir='ltr'>κυρίαν</span> 
     </span>
     <span class='ocr_line' id='line_1_17' title="bbox 88 2047 1430 2132; baseline 0.004 -21"><span class='ocrx_word' id='word_1_124' title='bbox 88 2047 192 2112; x_wconf 84' lang='grc' dir='ltr'>οὗςαν</span> <span class='ocrx_word' id='word_1_125' title='bbox 221 2050 273 2112; x_wconf 84' lang='grc' dir='ltr'>καὶ</span> <span class='ocrx_word' id='word_1_126' title='bbox 302 2049 533 2129; x_wconf 88' lang='grc' dir='ltr'>ἐπερρωμένην.</span> <span class='ocrx_word' id='word_1_127' title='bbox 570 2053 590 2132; x_wconf 88' lang='lat'>†</span> <span class='ocrx_word' id='word_1_128' title='bbox 612 2051 766 2130; x_wconf 87' lang='grc' dir='ltr'>Αὐρήλιος</span> <span class='ocrx_word' id='word_1_129' title='bbox 791 2053 910 2131; x_wconf 89' lang='grc' dir='ltr'>Κοςμᾶς</span> <span class='ocrx_word' id='word_1_130' title='bbox 933 2053 1004 2118; x_wconf 87' lang='grc' dir='ltr'>υἱὸς</span> <span class='ocrx_word' id='word_1_131' title='bbox 1032 2055 1142 2132; x_wconf 87' lang='grc' dir='ltr'>Σαμβὰ</span> <span class='ocrx_word' id='word_1_132' title='bbox 1165 2053 1184 2119; x_wconf 87' lang='grc' dir='ltr'>ὁ</span> <span class='ocrx_word' id='word_1_133' title='bbox 1207 2054 1430 2132; x_wconf 89' lang='grc' dir='ltr'>προκείμενος·</span> 
     </span>
     <span class='ocr_line' id='line_1_18' title="bbox 89 2152 938 2233; baseline 0.006 -20"><span class='ocrx_word' id='word_1_134' title='bbox 89 2154 209 2228; x_wconf 89' lang='grc' dir='ltr'>ςτοιχεῑ</span> <span class='ocrx_word' id='word_1_135' title='bbox 230 2172 282 2230; x_wconf 92' lang='grc' dir='ltr'>μοι</span> <span class='ocrx_word' id='word_1_136' title='bbox 305 2152 324 2230; x_wconf 86' lang='grc' dir='ltr'><strong>ἡ</strong></span> <span class='ocrx_word' id='word_1_137' title='bbox 347 2157 494 2231; x_wconf 86' lang='grc' dir='ltr'>παροῦςα</span> <span class='ocrx_word' id='word_1_138' title='bbox 516 2152 674 2220; x_wconf 82' lang='grc' dir='ltr'>ἀπόδειξις</span> <span class='ocrx_word' id='word_1_139' title='bbox 698 2155 741 2218; x_wconf 85' lang='grc' dir='ltr'>ἁις</span> <span class='ocrx_word' id='word_1_140' title='bbox 764 2155 938 2233; x_wconf 90' lang='grc' dir='ltr'>πρόκειται.</span> 
     </span>
    </p>

    <p class='ocr_par' dir='ltr' id='par_1_7' title="bbox 89 2253 1432 2546">
     <span class='ocr_line' id='line_1_19' title="bbox 198 2253 1432 2340; baseline 0.004 -23"><span class='ocrx_word' id='word_1_141' title='bbox 198 2253 354 2334; x_wconf 89' lang='grc' dir='ltr'>ἀςφάλεια</span> <span class='ocrx_word' id='word_1_142' title='bbox 382 2257 431 2321; x_wconf 91' lang='lat' dir='ltr'>est</span> <span class='ocrx_word' id='word_1_143' title='bbox 459 2256 514 2322; x_wconf 87' lang='lat' dir='ltr'>let.</span> <span class='ocrx_word' id='word_1_144' title='bbox 542 2256 643 2321; x_wconf 91' lang='lat' dir='ltr'>eautie</span> <span class='ocrx_word' id='word_1_145' title='bbox 661 2257 713 2330; x_wconf 71' lang='lat' dir='ltr'>ef.</span> <span class='ocrx_word' id='word_1_146' title='bbox 738 2257 877 2338; x_wconf 85' lang='grc' dir='ltr'>ἀςφαλὲς</span> <span class='ocrx_word' id='word_1_147' title='bbox 907 2263 1009 2324; x_wconf 87' lang='grc' dir='ltr'>ποιεῖν</span> <span class='ocrx_word' id='word_1_148' title='bbox 1039 2258 1191 2324; x_wconf 78' lang='lat' dir='ltr'>satisdare</span> <span class='ocrx_word' id='word_1_149' title='bbox 1221 2259 1432 2340; x_wconf 84' lang='grc' dir='ltr'>ἀςφαλίῑομαι</span> 
     </span>
     <span class='ocr_line' id='line_1_20' title="bbox 90 2356 1431 2444; baseline 0.006 -26"><span class='ocrx_word' id='word_1_150' title='bbox 90 2372 197 2420; x_wconf 86' lang='lat' dir='ltr'>eaueo.</span> <span class='ocrx_word' id='word_1_151' title='bbox 237 2356 397 2426; x_wconf 82' lang='grc' dir='ltr'>ἀπόδειξις</span> <span class='ocrx_word' id='word_1_152' title='bbox 425 2359 581 2440; x_wconf 82' lang='lat' dir='ltr'>signifieat</span> <span class='ocrx_word' id='word_1_153' title='bbox 609 2360 663 2424; x_wconf 89' lang='lat' dir='ltr'>lat.</span> <span class='ocrx_word' id='word_1_154' title='bbox 694 2361 911 2440; x_wconf 82' lang='lat' dir='ltr'>securitatem,</span> <span class='ocrx_word' id='word_1_155' title='bbox 946 2361 1123 2427; x_wconf 81' lang='lat' dir='ltr'>cautionem</span> <span class='ocrx_word' id='word_1_156' title='bbox 1152 2362 1190 2427; x_wconf 91' lang='lat' dir='ltr'>de</span> <span class='ocrx_word' id='word_1_157' title='bbox 1212 2365 1356 2443; x_wconf 81' lang='lat' dir='ltr'>suscepta</span> <span class='ocrx_word' id='word_1_158' title='bbox 1378 2381 1431 2444; x_wconf 94' lang='lat' dir='ltr'>pe-</span> 
     </span>
     <span class='ocr_line' id='line_1_21' title="bbox 89 2459 1428 2546; baseline 0.004 -24"><span class='ocrx_word' id='word_1_159' title='bbox 89 2459 185 2524; x_wconf 80' lang='lat' dir='ltr'>cunia</span> <span class='ocrx_word' id='word_1_160' title='bbox 208 2478 237 2526; x_wconf 87' lang='grc' dir='ltr'>ν.</span> <span class='ocrx_word' id='word_1_161' title='bbox 260 2459 508 2544; x_wconf 87' lang='lat' dir='ltr'>Harmenopulos</span> <span class='ocrx_word' id='word_1_162' title='bbox 531 2463 585 2529; x_wconf 87' lang='lat' dir='ltr'>lib.</span> <span class='ocrx_word' id='word_1_163' title='bbox 610 2464 637 2528; x_wconf 81' lang='grc'>2.</span> <span class='ocrx_word' id='word_1_164' title='bbox 663 2464 714 2528; x_wconf 90' lang='lat' dir='ltr'>tit.</span> <span class='ocrx_word' id='word_1_165' title='bbox 739 2464 759 2527; x_wconf 83' lang='lat'><em>2</em></span> <span class='ocrx_word' id='word_1_166' title='bbox 782 2467 811 2546; x_wconf 65' lang='grc' dir='ltr'>ξ.</span> <span class='ocrx_word' id='word_1_167' title='bbox 837 2465 856 2528; x_wconf 79' lang='lat'><strong>7</strong></span> <span class='ocrx_word' id='word_1_168' title='bbox 890 2464 929 2530; x_wconf 89' lang='grc' dir='ltr'>οί.</span> <span class='ocrx_word' id='word_1_169' title='bbox 963 2466 1084 2530; x_wconf 90' lang='lat' dir='ltr'>mediae</span> <span class='ocrx_word' id='word_1_170' title='bbox 1117 2464 1288 2529; x_wconf 75' lang='lat' dir='ltr'>latinitatis</span> <span class='ocrx_word' id='word_1_171' title='bbox 1320 2482 1428 2529; x_wconf 80' lang='lat' dir='ltr'>uocem</span> 
     </span>
    </p>
   </div>
   <div class='ocr_carea' id='block_1_7' title="bbox 87 2561 1428 2859">
    <p class='ocr_par' dir='ltr' id='par_1_8' title="bbox 87 2561 1428 2859">
     <span class='ocr_line' id='line_1_22' title="bbox 87 2561 1428 2651; baseline 0.006 -27"><span class='ocrx_word' id='word_1_172' title='bbox 87 2561 231 2648; x_wconf 85' lang='lat' dir='ltr'>apedira.</span> <span class='ocrx_word' id='word_1_173' title='bbox 256 2571 388 2644; x_wconf 87' lang='grc' dir='ltr'>ςτοιχεῖν</span> <span class='ocrx_word' id='word_1_174' title='bbox 412 2571 459 2631; x_wconf 89' lang='lat' dir='ltr'>est</span> <span class='ocrx_word' id='word_1_175' title='bbox 481 2567 537 2632; x_wconf 85' lang='lat' dir='ltr'>lut.</span> <span class='ocrx_word' id='word_1_176' title='bbox 561 2567 676 2651; x_wconf 80' lang='lat' dir='ltr'>pacisci</span> <span class='ocrx_word' id='word_1_177' title='bbox 700 2568 863 2634; x_wconf 78' lang='lat' dir='ltr'>conuenire</span> <span class='ocrx_word' id='word_1_178' title='bbox 885 2567 923 2633; x_wconf 89' lang='grc' dir='ltr'>οί.</span> <span class='ocrx_word' id='word_1_179' title='bbox 949 2570 1113 2648; x_wconf 86' lang='grc' dir='ltr'>ςτοιχηθέν</span> <span class='ocrx_word' id='word_1_180' title='bbox 1135 2570 1263 2650; x_wconf 86' lang='lat' dir='ltr'>paetum</span> <span class='ocrx_word' id='word_1_181' title='bbox 1279 2567 1428 2648; x_wconf 90' lang='grc' dir='ltr'>ςτοίχημα</span> 
     </span>
     <span class='ocr_line' id='line_1_23' title="bbox 89 2668 1428 2758; baseline 0.004 -28"><span class='ocrx_word' id='word_1_182' title='bbox 89 2669 223 2748; x_wconf 85' lang='lat' dir='ltr'>paetum</span> <span class='ocrx_word' id='word_1_183' title='bbox 250 2670 411 2735; x_wconf 79' lang='lat' dir='ltr'>conuentis</span> <span class='ocrx_word' id='word_1_184' title='bbox 436 2690 463 2735; x_wconf 89' lang='grc' dir='ltr'>ν.</span> <span class='ocrx_word' id='word_1_185' title='bbox 488 2669 643 2755; x_wconf 85' lang='lat' dir='ltr'>Ducange.</span> <span class='ocrx_word' id='word_1_186' title='bbox 681 2668 972 2758; x_wconf 83' lang='grc' dir='ltr'>προγεγραμμένος]</span> <span class='ocrx_word' id='word_1_187' title='bbox 1003 2672 1107 2754; x_wconf 90' lang='lat' dir='ltr'>potest</span> <span class='ocrx_word' id='word_1_188' title='bbox 1137 2672 1233 2737; x_wconf 88' lang='lat' dir='ltr'>etiam</span> <span class='ocrx_word' id='word_1_189' title='bbox 1262 2670 1326 2754; x_wconf 76' lang='lat' dir='ltr'>legi</span> <span class='ocrx_word' id='word_1_190' title='bbox 1347 2685 1428 2750; x_wconf 81' lang='grc' dir='ltr'>προκ</span> 
     </span>
     <span class='ocr_line' id='line_1_24' title="bbox 90 2772 1401 2859; baseline -0.001 -22"><span class='ocrx_word' id='word_1_191' title='bbox 90 2772 328 2856; x_wconf 73' lang='grc' dir='ltr'>(προκείμενος)</span> <span class='ocrx_word' id='word_1_192' title='bbox 353 2773 390 2838; x_wconf 86' lang='lat' dir='ltr'>uf.</span> <span class='ocrx_word' id='word_1_193' title='bbox 414 2773 489 2855; x_wconf 88' lang='lat' dir='ltr'>Pap.</span> <span class='ocrx_word' id='word_1_194' title='bbox 513 2775 614 2839; x_wconf 89' lang='lat' dir='ltr'>Berul.</span> <span class='ocrx_word' id='word_1_195' title='bbox 640 2773 806 2839; x_wconf 84' lang='lat' dir='ltr'>Sehmidtii</span> <span class='ocrx_word' id='word_1_196' title='bbox 829 2775 869 2838; x_wconf 93' lang='grc' dir='ltr'>Π.</span> <span class='ocrx_word' id='word_1_197' title='bbox 895 2776 1074 2840; x_wconf 81' lang='grc' dir='ltr'>Καλλίνικος</span> <span class='ocrx_word' id='word_1_198' title='bbox 1096 2774 1115 2840; x_wconf 88' lang='grc' dir='ltr'>ὁ</span> <span class='ocrx_word' id='word_1_199' title='bbox 1139 2775 1401 2859; x_wconf 69' lang='grc' dir='ltr'>προκί(είμενος).</span> 
     </span>
    </p>
   </div>
   <div class='ocr_carea' id='block_1_8' title="bbox 528 3069 1003 3143">
    <p class='ocr_par' dir='ltr' id='par_1_9' title="bbox 528 3069 1003 3143">
     <span class='ocr_line' id='line_1_25' title="bbox 528 3069 1003 3143; baseline 0 -2"><span class='ocrx_word' id='word_1_200' title='bbox 528 3071 820 3143; x_wconf 76' lang='lat' dir='ltr'>instrumentum</span> <span class='ocrx_word' id='word_1_201' title='bbox 848 3069 1003 3143; x_wconf 86' lang='lat' dir='ltr'>tertium</span> 
     </span>
    </p>
   </div>
   <div class='ocr_carea' id='block_1_9' title="bbox 679 3194 849 3372">
    <p class='ocr_par' dir='ltr' id='par_1_10' title="bbox 679 3194 849 3372">
     <span class='ocr_line' id='line_1_26' title="bbox 712 3194 813 3260; baseline -0.02 0"><span class='ocrx_word' id='word_1_202' title='bbox 712 3194 735 3260; x_wconf 81' lang='grc' dir='ltr'>Ο</span> <span class='ocrx_word' id='word_1_203' title='bbox 750 3213 813 3258; x_wconf 86' lang='lat' dir='ltr'>xrx</span> 
     </span>
     <span class='ocr_line' id='line_1_27' title="bbox 679 3307 849 3372; baseline -0.012 0"><span class='ocrx_word' id='word_1_204' title='bbox 679 3308 753 3372; x_wconf 85' lang='lat' dir='ltr'>anni</span> <span class='ocrx_word' id='word_1_205' title='bbox 777 3307 849 3371; x_wconf 87' lang='lat'><strong>616.</strong></span> 
     </span>
    </p>
   </div>
   <div class='ocr_carea' id='block_1_10' title="bbox 86 3444 1429 4452">
    <p class='ocr_par' dir='ltr' id='par_1_11' title="bbox 86 3444 1429 4348">
     <span class='ocr_line' id='line_1_28' title="bbox 192 3444 1429 3525; baseline 0 -17"><span class='ocrx_word' id='word_1_206' title='bbox 192 3445 247 3511; x_wconf 84' lang='grc' dir='ltr'>Ἐν</span> <span class='ocrx_word' id='word_1_207' title='bbox 276 3445 409 3525; x_wconf 89' lang='grc' dir='ltr'>ὀνόματι</span> <span class='ocrx_word' id='word_1_208' title='bbox 439 3451 494 3524; x_wconf 87' lang='grc' dir='ltr'>τῆς</span> <span class='ocrx_word' id='word_1_209' title='bbox 524 3446 614 3522; x_wconf 91' lang='grc' dir='ltr'>ἁγίας</span> <span class='ocrx_word' id='word_1_210' title='bbox 641 3447 692 3510; x_wconf 84' lang='grc' dir='ltr'>καὶ</span> <span class='ocrx_word' id='word_1_211' title='bbox 715 3445 887 3523; x_wconf 85' lang='grc' dir='ltr'>ἁμοουςίου</span> <span class='ocrx_word' id='word_1_212' title='bbox 910 3444 1043 3523; x_wconf 86' lang='grc' dir='ltr'>τριάδος</span> <span class='ocrx_word' id='word_1_213' title='bbox 1066 3444 1187 3522; x_wconf 89' lang='grc' dir='ltr'>πατρὸς</span> <span class='ocrx_word' id='word_1_214' title='bbox 1210 3446 1261 3508; x_wconf 91' lang='grc' dir='ltr'>καὶ</span> <span class='ocrx_word' id='word_1_215' title='bbox 1284 3445 1354 3509; x_wconf 81' lang='grc' dir='ltr'>υἱοῦ</span> <span class='ocrx_word' id='word_1_216' title='bbox 1378 3445 1429 3509; x_wconf 89' lang='grc' dir='ltr'>καὶ</span> 
     </span>
     <span class='ocr_line' id='line_1_29' title="bbox 88 3546 1429 3628; baseline -0.001 -14"><span class='ocrx_word' id='word_1_217' title='bbox 88 3550 184 3626; x_wconf 88' lang='grc' dir='ltr'>ἁγίου</span> <span class='ocrx_word' id='word_1_218' title='bbox 208 3551 387 3628; x_wconf 85' lang='grc' dir='ltr'>πνεύματος</span> <span class='ocrx_word' id='word_1_219' title='bbox 409 3550 460 3612; x_wconf 89' lang='grc' dir='ltr'>καὶ</span> <span class='ocrx_word' id='word_1_220' title='bbox 482 3552 537 3626; x_wconf 83' lang='grc' dir='ltr'>τῆς</span> <span class='ocrx_word' id='word_1_221' title='bbox 560 3549 725 3625; x_wconf 90' lang='grc' dir='ltr'>δεςποίνης</span> <span class='ocrx_word' id='word_1_222' title='bbox 747 3547 836 3627; x_wconf 84' lang='grc' dir='ltr'>ἡμῶν</span> <span class='ocrx_word' id='word_1_223' title='bbox 859 3551 914 3625; x_wconf 88' lang='grc' dir='ltr'>τῆς</span> <span class='ocrx_word' id='word_1_224' title='bbox 939 3546 1103 3613; x_wconf 87' lang='grc' dir='ltr'>Θεοτόκου</span> <span class='ocrx_word' id='word_1_225' title='bbox 1132 3548 1182 3612; x_wconf 91' lang='grc' dir='ltr'>καὶ</span> <span class='ocrx_word' id='word_1_226' title='bbox 1211 3547 1342 3614; x_wconf 89' lang='grc' dir='ltr'>πάντων</span> <span class='ocrx_word' id='word_1_227' title='bbox 1364 3551 1429 3612; x_wconf 83' lang='grc' dir='ltr'>τῶν</span> 
     </span>
     <span class='ocr_line' id='line_1_30' title="bbox 88 3649 1427 3732; baseline -0.001 -15"><span class='ocrx_word' id='word_1_228' title='bbox 88 3653 208 3730; x_wconf 86' lang='grc' dir='ltr'>ἁγίων·</span> <span class='ocrx_word' id='word_1_229' title='bbox 238 3652 390 3732; x_wconf 88' lang='grc' dir='ltr'>βαςιλείας</span> <span class='ocrx_word' id='word_1_230' title='bbox 409 3653 567 3730; x_wconf 86' lang='grc' dir='ltr'>...ἡμῶν</span> <span class='ocrx_word' id='word_1_231' title='bbox 595 3653 752 3717; x_wconf 75' lang='grc' dir='ltr'>δεςπότου</span> <span class='ocrx_word' id='word_1_232' title='bbox 786 3652 949 3716; x_wconf 89' lang='grc' dir='ltr'>Φλαουίου</span> <span class='ocrx_word' id='word_1_233' title='bbox 987 3649 1170 3728; x_wconf 81' lang='grc' dir='ltr'>Ἡρακλείου</span> <span class='ocrx_word' id='word_1_234' title='bbox 1204 3656 1261 3715; x_wconf 83' lang='grc' dir='ltr'>τοῦ</span> <span class='ocrx_word' id='word_1_235' title='bbox 1296 3651 1427 3716; x_wconf 90' lang='grc' dir='ltr'>αἰωνίου</span> 
     </span>
     <span class='ocr_line' id='line_1_31' title="bbox 87 3752 1428 3832; baseline -0.003 -12"><span class='ocrx_word' id='word_1_236' title='bbox 87 3755 269 3832; x_wconf 81' lang='grc' dir='ltr'>αὐγούςτου</span> <span class='ocrx_word' id='word_1_237' title='bbox 300 3755 392 3821; x_wconf 79' lang='grc' dir='ltr'>ἔτους</span> <span class='ocrx_word' id='word_1_238' title='bbox 423 3756 517 3820; x_wconf 81' lang='grc' dir='ltr'>ἕκτου</span> <span class='ocrx_word' id='word_1_239' title='bbox 547 3756 642 3819; x_wconf 83' lang='grc' dir='ltr'>παϋνὶ</span> <span class='ocrx_word' id='word_1_240' title='bbox 673 3756 710 3832; x_wconf 85' lang='grc' dir='ltr'>ιγ’</span> <span class='ocrx_word' id='word_1_241' title='bbox 739 3754 889 3832; x_wconf 87' lang='grc' dir='ltr'>τετάρτης</span> <span class='ocrx_word' id='word_1_242' title='bbox 920 3754 1115 3819; x_wconf 85' lang='grc' dir='ltr'>ἰνδικτιῶνος</span> <span class='ocrx_word' id='word_1_243' title='bbox 1145 3752 1194 3820; x_wconf 83' lang='grc' dir='ltr'>ἐπ’</span> <span class='ocrx_word' id='word_1_244' title='bbox 1223 3753 1428 3832; x_wconf 86' lang='grc' dir='ltr'>Ἀρςινοῑτου.</span> 
     </span>
     <span class='ocr_line' id='line_1_32' title="bbox 87 3855 1427 3940; baseline -0.001 -17"><span class='ocrx_word' id='word_1_245' title='bbox 87 3859 175 3924; x_wconf 90' lang='grc' dir='ltr'>Τόδε</span> <span class='ocrx_word' id='word_1_246' title='bbox 206 3860 244 3923; x_wconf 89' lang='grc' dir='ltr'>τὸ</span> <span class='ocrx_word' id='word_1_247' title='bbox 275 3857 507 3937; x_wconf 91' lang='grc' dir='ltr'>κομπρόμιςςον</span> <span class='ocrx_word' id='word_1_248' title='bbox 535 3858 712 3936; x_wconf 88' lang='grc' dir='ltr'>ποιούμεθα</span> <span class='ocrx_word' id='word_1_249' title='bbox 741 3858 822 3936; x_wconf 87' lang='grc' dir='ltr'>πρὸς</span> <span class='ocrx_word' id='word_1_250' title='bbox 852 3855 989 3934; x_wconf 87' lang='grc' dir='ltr'>ἄλληλον</span> <span class='ocrx_word' id='word_1_251' title='bbox 1016 3856 1142 3940; x_wconf 82' lang='grc' dir='ltr'>ἑκουςίᾳ</span> <span class='ocrx_word' id='word_1_252' title='bbox 1169 3856 1277 3940; x_wconf 90' lang='grc' dir='ltr'>γνώμῃ</span> <span class='ocrx_word' id='word_1_253' title='bbox 1308 3857 1343 3921; x_wconf 84' lang='grc' dir='ltr'>ἐκ</span> <span class='ocrx_word' id='word_1_254' title='bbox 1371 3859 1427 3935; x_wconf 83' lang='grc' dir='ltr'>μὲν</span> 
     </span>
     <span class='ocr_line' id='line_1_33' title="bbox 87 3960 1428 4040; baseline -0.002 -13"><span class='ocrx_word' id='word_1_255' title='bbox 87 3967 150 4027; x_wconf 83' lang='grc' dir='ltr'>τοῦ</span> <span class='ocrx_word' id='word_1_256' title='bbox 173 3962 246 4027; x_wconf 87' lang='grc' dir='ltr'>ἑνὸς</span> <span class='ocrx_word' id='word_1_257' title='bbox 268 3963 384 4040; x_wconf 90' lang='grc' dir='ltr'>μέρους</span> <span class='ocrx_word' id='word_1_258' title='bbox 406 3962 536 4026; x_wconf 82' lang='grc' dir='ltr'>Παῦλος</span> <span class='ocrx_word' id='word_1_259' title='bbox 558 3961 721 4039; x_wconf 81' lang='grc' dir='ltr'>ὑπουργὸς</span> <span class='ocrx_word' id='word_1_260' title='bbox 743 3965 798 4039; x_wconf 86' lang='grc' dir='ltr'>τῆς</span> <span class='ocrx_word' id='word_1_261' title='bbox 821 3961 955 4026; x_wconf 80' lang='grc' dir='ltr'>ἐνδόξου</span> <span class='ocrx_word' id='word_1_262' title='bbox 978 3960 1146 4038; x_wconf 86' lang='grc' dir='ltr'>ἁπηρεςίας</span> <span class='ocrx_word' id='word_1_263' title='bbox 1168 3960 1354 4038; x_wconf 90' lang='grc' dir='ltr'>ςτρατηγίου</span> <span class='ocrx_word' id='word_1_264' title='bbox 1370 3963 1428 4024; x_wconf 82' lang='grc' dir='ltr'>τοῦ</span> 
     </span>
     <span class='ocr_line' id='line_1_34' title="bbox 86 4062 1429 4145; baseline -0.004 -14"><span class='ocrx_word' id='word_1_265' title='bbox 86 4064 369 4145; x_wconf 84' lang='grc' dir='ltr'>ὑπερφερεςτάτου</span> <span class='ocrx_word' id='word_1_266' title='bbox 403 4064 567 4142; x_wconf 89' lang='grc' dir='ltr'>πατρικίου</span> <span class='ocrx_word' id='word_1_267' title='bbox 603 4064 777 4141; x_wconf 86' lang='grc' dir='ltr'>θεοδώρου</span> <span class='ocrx_word' id='word_1_268' title='bbox 813 4064 916 4127; x_wconf 88' lang='grc' dir='ltr'>Κιλίου</span> <span class='ocrx_word' id='word_1_269' title='bbox 947 4064 981 4126; x_wconf 85' lang='grc' dir='ltr'>ἐκ</span> <span class='ocrx_word' id='word_1_270' title='bbox 1009 4065 1045 4127; x_wconf 84' lang='grc' dir='ltr'>δὲ</span> <span class='ocrx_word' id='word_1_271' title='bbox 1074 4066 1132 4126; x_wconf 83' lang='grc' dir='ltr'>τοῦ</span> <span class='ocrx_word' id='word_1_272' title='bbox 1167 4062 1278 4139; x_wconf 86' lang='grc' dir='ltr'>ἑτέρου</span> <span class='ocrx_word' id='word_1_273' title='bbox 1312 4064 1429 4140; x_wconf 90' lang='grc' dir='ltr'>μέρους</span> 
     </span>
     <span class='ocr_line' id='line_1_35' title="bbox 87 4165 1423 4246; baseline -0.003 -14"><span class='ocrx_word' id='word_1_274' title='bbox 87 4169 206 4246; x_wconf 87' lang='grc' dir='ltr'>μέρους</span> <span class='ocrx_word' id='word_1_275' title='bbox 218 4165 251 4206; x_wconf 59' lang='lat'>¹8⁸</span> <span class='ocrx_word' id='word_1_276' title='bbox 270 4213 1423 4232; x_wconf 88' lang='grc'><strong>......................................................</strong></span> 
     </span>
     <span class='ocr_line' id='line_1_36' title="bbox 88 4269 1423 4348; baseline -0.002 -14"><span class='ocrx_word' id='word_1_277' title='bbox 88 4288 172 4335; x_wconf 86' lang='lat' dir='ltr'>vers.</span> <span class='ocrx_word' id='word_1_278' title='bbox 298 4269 531 4348; x_wconf 89' lang='grc' dir='ltr'>κομπρόμιςςον</span> <span class='ocrx_word' id='word_1_279' title='bbox 553 4269 727 4347; x_wconf 90' lang='grc' dir='ltr'>γενόμενον</span> <span class='ocrx_word' id='word_1_280' title='bbox 748 4313 1423 4334; x_wconf 80' lang='grc'><strong>................................</strong></span> 
     </span>
    </p>

    <p class='ocr_par' dir='ltr' id='par_1_12' title="bbox 297 4373 1422 4452">
     <span class='ocr_line' id='line_1_37' title="bbox 297 4373 1422 4452; baseline -0.004 -14"><span class='ocrx_word' id='word_1_281' title='bbox 297 4375 330 4438; x_wconf 83' lang='grc' dir='ltr'>ἐν</span> <span class='ocrx_word' id='word_1_282' title='bbox 354 4373 487 4452; x_wconf 91' lang='grc' dir='ltr'>ὀνόματι</span> <span class='ocrx_word' id='word_1_283' title='bbox 508 4379 565 4438; x_wconf 84' lang='grc' dir='ltr'>τοῦ</span> <span class='ocrx_word' id='word_1_284' title='bbox 589 4374 700 4452; x_wconf 91' lang='grc' dir='ltr'>κυρίου</span> <span class='ocrx_word' id='word_1_285' title='bbox 724 4375 774 4438; x_wconf 91' lang='grc' dir='ltr'>καὶ</span> <span class='ocrx_word' id='word_1_286' title='bbox 798 4373 955 4438; x_wconf 91' lang='grc' dir='ltr'>δεςπότου</span> <span class='ocrx_word' id='word_1_287' title='bbox 963 4418 1422 4438; x_wconf 89' lang='grc'><strong>......................</strong></span> 
     </span>
    </p>
   </div>
   <div class='ocr_carea' id='block_1_11' title="bbox 90 4490 1429 4680">
    <p class='ocr_par' dir='ltr' id='par_1_13' title="bbox 90 4490 1429 4680">
     <span class='ocr_line' id='line_1_38' title="bbox 193 4490 1429 4572; baseline -0.002 -16"><span class='ocrx_word' id='word_1_288' title='bbox 193 4493 230 4557; x_wconf 89' lang='lat' dir='ltr'>In</span> <span class='ocrx_word' id='word_1_289' title='bbox 261 4494 385 4558; x_wconf 90' lang='lat' dir='ltr'>nomine</span> <span class='ocrx_word' id='word_1_290' title='bbox 416 4495 543 4559; x_wconf 86' lang='lat' dir='ltr'>sanetae</span> <span class='ocrx_word' id='word_1_291' title='bbox 574 4494 605 4556; x_wconf 89' lang='lat' dir='ltr'>et</span> <span class='ocrx_word' id='word_1_292' title='bbox 635 4493 909 4558; x_wconf 79' lang='lat' dir='ltr'>consubstantialis</span> <span class='ocrx_word' id='word_1_293' title='bbox 942 4491 1095 4556; x_wconf 87' lang='lat' dir='ltr'>trinitatis</span> <span class='ocrx_word' id='word_1_294' title='bbox 1126 4493 1223 4572; x_wconf 90' lang='lat' dir='ltr'>patris</span> <span class='ocrx_word' id='word_1_295' title='bbox 1252 4494 1283 4556; x_wconf 90' lang='lat' dir='ltr'>et</span> <span class='ocrx_word' id='word_1_296' title='bbox 1311 4490 1369 4554; x_wconf 86' lang='lat' dir='ltr'>filii</span> <span class='ocrx_word' id='word_1_297' title='bbox 1398 4493 1429 4555; x_wconf 88' lang='lat' dir='ltr'>et</span> 
     </span>
     <span class='ocr_line' id='line_1_39' title="bbox 90 4592 1426 4680; baseline -0.004 -17"><span class='ocrx_word' id='word_1_298' title='bbox 90 4596 219 4680; x_wconf 91' lang='lat' dir='ltr'>spiritus</span> <span class='ocrx_word' id='word_1_299' title='bbox 236 4595 337 4661; x_wconf 86' lang='lat' dir='ltr'>saneti</span> <span class='ocrx_word' id='word_1_300' title='bbox 354 4601 385 4660; x_wconf 90' lang='lat' dir='ltr'>et</span> <span class='ocrx_word' id='word_1_301' title='bbox 402 4596 547 4662; x_wconf 90' lang='lat' dir='ltr'>deminae</span> <span class='ocrx_word' id='word_1_302' title='bbox 563 4600 688 4662; x_wconf 85' lang='lat' dir='ltr'>nestrae</span> <span class='ocrx_word' id='word_1_303' title='bbox 705 4595 852 4678; x_wconf 87' lang='lat' dir='ltr'>deiparae</span> <span class='ocrx_word' id='word_1_304' title='bbox 868 4599 900 4661; x_wconf 92' lang='lat' dir='ltr'>et</span> <span class='ocrx_word' id='word_1_305' title='bbox 915 4596 1056 4660; x_wconf 90' lang='lat' dir='ltr'>emnium</span> <span class='ocrx_word' id='word_1_306' title='bbox 1075 4597 1252 4660; x_wconf 83' lang='lat' dir='ltr'>sanctorum</span> <span class='ocrx_word' id='word_1_307' title='bbox 1272 4592 1426 4679; x_wconf 76' lang='lat' dir='ltr'>(mensis)</span> 
     </span>
    </p>
   </div>
   <div class='ocr_carea' id='block_1_12' title="bbox 0 0 1690 5216">
    <p class='ocr_par' dir='ltr' id='par_1_14' title="bbox 0 0 1690 5216">
     <span class='ocr_line' id='line_1_40' title="bbox 0 0 1690 5216; baseline 0 0"><span class='ocrx_word' id='word_1_308' title='bbox 0 0 1690 5216; x_wconf 95' lang='lat' dir='ltr'> </span> 
     </span>
    </p>
   </div>
  </div>
 </body>
</html>
