3372 5216
1388 311 1429 376 59

94 502 123 564 et
145 499 270 564 litterae
294 503 326 563 et
348 499 485 582 syllabae
508 502 540 564 et
563 502 658 565 uerba
681 498 821 580 singula3
845 498 922 564 adde
945 499 1026 580 quod
1050 501 1190 580 partium
1210 501 1294 566 inter
1309 520 1340 564 se
1358 519 1429 566 con·

94 601 324 683 glutinatarnm
361 605 612 684 (κεκολλημένιυν
641 603 677 666 ut
709 620 819 684 graece
849 601 971 686 dicunt)
1005 600 1138 668 firmitas
1171 601 1428 669 intercidentibus

96 705 258 787 particulis
288 706 515 790 marginalibus
539 710 701 790 tamquam
725 705 871 772 diffluxit
895 707 958 772 iam
981 723 1053 771 cum
1075 726 1111 772 en
1137 705 1316 772 litterarum
1340 708 1429 787 uolis,

93 809 302 874 locutionibus
325 808 484 874 similibus
506 811 540 874 in
569 827 661 873 usum
689 810 826 887 uocatis,
860 809 993 891 pristina
1021 809 1118 875 uerba
1145 810 1364 896 restituerem,
1399 813 1431 876 in

94 911 327 994 interpretando
350 931 466 996 papyro
488 912 521 978 in
544 912 655 997 primis
678 929 728 976 res
751 912 798 976 ita
821 912 901 977 mihi
923 916 1044 996 agenda
1062 913 1139 991 erat,
1162 916 1198 978 ut
1212 915 1296 980 locos
1312 915 1430 980 similes

93 1015 124 1080 in
138 1015 277 1081 medium
292 1033 504 1098 proponerem.
528 1015 620 1081 huius
636 1015 669 1080 et
685 1014 815 1080 alterius
838 1017 948 1099 papyri
971 1013 995 1080 (l
1011 1033 1060 1080 xx
1085 1016 1256 1100 imaginem
1272 1018 1302 1082 in
1320 1017 1430 1082 tabula

95 1118 305 1183 dissertationi
327 1121 463 1197 adiecta,
494 1136 554 1202 quo
577 1119 750 1201 scripturae
773 1137 871 1201 genus
895 1118 1100 1201 lectionisque
1123 1119 1296 1185 difficultas
1318 1139 1430 1204 cogno·

94 1222 241 1305 sceretur,
268 1221 517 1288 adumbrandam
546 1222 735 1288 curauimns.
758 1221 946 1305 paragraphi
969 1223 1088 1304 primae
1111 1224 1143 1287 et
1165 1226 1318 1289 secundae
1341 1226 1432 1289 resti·

94 1327 246 1391 tutionem
265 1326 403 1408 exposita
420 1325 701 1389 instrumentorum
725 1326 858 1388 formula
880 1325 913 1388 in
936 1324 1066 1390 dubium
1090 1344 1151 1391 non
1175 1346 1242 1392 esse
1264 1330 1432 1394 uenturam

94 1447 187 1513 spero.
212 1429 400 1493 uocabulum
424 1427 558 1508 latinum
580 1429 722 1510 deiparae
752 1431 939 1510 respondens
962 1447 1074 1512 graeco
1098 1432 1250 1496 θεοτόκος
1272 1432 1432 1498 inuenitur

95 1532 124 1597 in
146 1533 252 1598 codice
274 1530 386 1598 Iustin.
410 1533 434 1608 l,
460 1535 487 1596 1.
511 1533 540 1596 6.

195 1635 254 1702 Sed
279 1635 378 1717 ipsius
402 1637 539 1700 Thomae
563 1634 693 1701 Cosmae
723 1639 755 1700 et
783 1636 906 1702 Aurelii
929 1635 1033 1701 Minae
1062 1654 1173 1701 nomen
1199 1640 1273 1703 adeo
1297 1642 1345 1703 est
1367 1659 1433 1705 cor·

94 1743 239 1823 ruptum,
276 1743 311 1804 ut
339 1740 516 1804 litterarum
549 1739 682 1821 uestigia
712 1739 745 1804 in
776 1759 872 1804 unum
897 1739 1028 1805 uerbum
1052 1741 1104 1804 uin
1127 1742 1338 1823 collegissem,
1373 1744 1434 1807 nisi

95 1843 221 1908 nomina
243 1843 277 1906 in
299 1845 390 1926 parte
411 1843 522 1928 papyri
544 1861 671 1922 auersa,
707 1862 786 1925 quae
810 1844 934 1909 exhibet
956 1843 1141 1908 relationem
1165 1845 1198 1908 in
1222 1845 1347 1911 tabulas
1369 1844 1433 1911 fac-

95 1947 173 2025 tam,
208 1948 303 2029 paulo
333 1947 451 2013 maiore
484 1967 555 2013 cum
586 1949 808 2031 perspicuitate
841 1949 965 2012 exarata
995 1949 1105 2014 essent.
1145 1953 1294 2015 memoria
1328 1954 1434 2014 autem

96 2051 227 2134 dignum
256 2057 303 2116 est
331 2051 412 2116 hanc
442 2051 593 2116 formulae
624 2054 745 2133 partem
776 2052 821 2115 ita
851 2052 1036 2132 dispositam
1066 2070 1131 2116 esse
1160 2053 1193 2116 in
1219 2053 1276 2118 hoc
1298 2071 1433 2137 papyro:

96 2151 239 2234 θοή-ι
261 2173 316 2236 pro
340 2154 363 2218 Ο
386 2160 456 2236 at·
470 2175 501 2220 o:
529 2154 650 2220 scilicet
673 2161 718 2240 τῷ
742 2157 841 2238 Θωμᾷ
866 2157 968 2239 Κοςμᾷ
1056 2156 1210 2234 Αὐρήλιος
1234 2157 1344 2234 Μηνᾶς
1367 2158 1434 2234 χαί-

97 2280 157 2337 ρειν
180 2259 221 2324 ci.
246 2259 345 2324 Oxxr
365 2260 544 2342 Φλ(αυυίιμ)
563 2256 671 2345 Μην[ᾷ
686 2256 745 2344 alep
769 2254 996 2343 ἐνδοξοίτάτμμ
1021 2265 1183 2344 ςτρατηγῷ
1206 2261 1256 2324 καὶ
1279 2260 1434 2344 παγάρχιμ

95 2370 147 2441 τῆς
182 2365 387 2442 Ἀρςινοίτων
425 2387 457 2428 π.
496 2365 547 2427 καὶ
585 2363 900 2426 Θεοδοςιουπολιτιύν
934 2362 1088 2441 Αὐρήλιος
1126 2363 1246 2441 Κοςμᾶς
1284 2363 1434 2442 ὑμέτερος

97 2469 283 2546 φρονιιςτής
311 2467 380 2532 υίὸς
409 2467 565 2546 μακαρίου
596 2466 702 2546 (αμβᾶ
731 2465 796 2531 ἀπὸ
827 2469 883 2544 τῆς
913 2466 1010 2543 αὐτῆς
1038 2466 1164 2531 πόλεως
1193 2465 1258 2531 ἀπὸ
1282 2466 1434 2547 ἀμφόδου

98 2569 310 2649 Κλεοπατρίου
325 2571 455 2649 χαίρειν.
480 2571 543 2635 iam
560 2570 647 2634 uides
663 2569 845 2634 laterarium
864 2568 956 2633 illum
972 2569 1142 2634 reuerendo
1158 2570 1289 2650 patricio
1306 2568 1433 2635 Cosmae

98 2671 194 2736 locum
214 2672 351 2754 primum
369 2673 567 2738 concessisse.
576 2670 618 2754 ⁴⁵)
643 2675 736 2754 atque
760 2672 948 2738 uocabulum
971 2674 1100 2752 χαίρειν,
1124 2673 1212 2737 cuius
1236 2674 1362 2755 quidem
1376 2673 1431 2738 lit·

98 2775 177 2839 terae
201 2794 239 2855 xa
262 2779 350 2841 adest
375 2776 555 2858 uestigium,
580 2775 742 2858 excidisse,
767 2793 829 2839 non
853 2779 910 2855 est,
934 2776 1014 2858 quod
1038 2794 1193 2840 moneam.

197 2881 392 2957 ἐπικείμενος
415 2880 521 2944 οὐςίας
545 2875 743 2965 ςτρατηγίου]
774 2878 812 2945 cf.
839 2880 930 2942 err
953 2879 1145 2957 ἐπικείμενος
1168 2881 1354 2958 ςτρατηγίου
1376 2884 1434 2944 τού

179 2981 286 3048 Oxlx
308 2989 364 3062 τής
387 2984 521 3049 ἐνδόξου
545 2983 714 3061 ὐπηρεςίας
737 2982 924 3060 ςτρατηγίου
943 2981 1077 3062 (οὐςίας)
1104 2980 1142 3045 of.
1167 2982 1253 3048 Dae
1276 2987 1333 3048 τοῦ
1357 3004 1436 3061 προ-

99 3088 214 3164 νοήτου
237 3092 292 3166 τῆς
316 3088 422 3152 οὐςίας
446 3088 608 3166 Κυρίλλου.

197 3191 265 3256 ἀπὸ
288 3195 344 3268 τῆς
367 3190 568 3269 Ἀρςινοίτων
591 3191 786 3255 πόλεως...
805 3191 870 3254 ἀπὸ
894 3195 950 3267 τῆς
972 3189 1070 3268 αὐτῆς
1092 3191 1218 3255 πόλεως
1241 3190 1306 3255 ἀπὸ
1331 3191 1436 3270 ἀμφό-

100 3297 154 3358 δου
183 3290 397 3378 παρεμβολῆς]
434 3295 472 3358 cf.
501 3295 580 3358 Dea
609 3294 763 3373 Αὐρήλιος
794 3294 959 3372 Γερόντιος
988 3294 1057 3358 υίὸς
1088 3293 1154 3358 ἀπα
1183 3294 1237 3359 Ολ.
1267 3295 1433 3373 λινηφίκου

101 3393 248 3475 Κυρίλλου
271 3403 329 3462 τοῦ
353 3398 566 3463 ἐνδυξοτάτου
601 3401 775 3475 ςτρατηγού
809 3396 874 3461 ἀπὸ
901 3401 956 3475 τῆς
985 3390 1187 3475 Ἀρςινοίτων
1215 3397 1342 3462 πόλεως
1371 3396 1436 3460 ἀπὸ

101 3498 249 3581 ἀμφόδου
280 3505 481 3581 παρεμβολῆς
509 3500 655 3584 Αὐρηλίῳ
685 3499 809 3577 Βίκτορι
840 3499 906 3564 ἀπὸ
936 3505 990 3577 τῆς
1021 3499 1119 3578 αὐτῆς
1149 3500 1275 3565 πόλεως
1307 3499 1435 3578 χαίρειν.

102 3601 184 3668 Crux
218 3605 372 3683 Αὐρήλιος
403 3604 513 3681 Μηνᾶς
536 3602 675 3668 ἀπὸ
709 3606 766 3680 τῆς
800 3601 1004 3681 Ἀρςινοίτων
1033 3603 1160 3667 πόλεως
1190 3602 1255 3668 ἀπό
1283 3601 1435 3681 ἀμφόδου

101 3704 269 3788 Ὠλυμπίου
299 3707 438 3790 Αὐρηλίᾳ
467 3707 612 3789 Εὐφημίᾳ
707 3705 772 3771 ἀπὸ
804 3711 860 3784 τῆς
892 3705 989 3783 αὐτῆς
1019 3705 1146 3771 πόλεως
1169 3707 1298 3785 χαίρειν.
1336 3703 1438 3770 (luxu

103 3810 248 3895 Φλαουίῳ
275 3811 370 3889 Μηνᾶ
465 3817 628 3894 ςτρατηγῷ
659 3811 710 3874 καὶ
738 3809 893 3893 παγάρχῳ
921 3813 977 3888 τῆς
1004 3805 1209 3888 Ἀρςινοίτων
1237 3810 1288 3873 καὶ
1317 3809 1438 3873 Θεοδο-

103 3918 306 3979 ςιουπολιτῶν
336 3913 490 3992 Αὐρήλιος
522 3915 643 3992 Κοςμύις
662 3963 667 3975 .
683 3962 712 3978 ..
732 3911 797 3977 ἀπὸ
821 3917 876 3990 τῆς
904 3914 1001 3988 αὐτῆς
1031 3912 1157 3977 πόλεως
1190 3912 1256 3976 ἀπὸ
1286 3911 1438 3992 ἀμφόδου

104 4015 312 4095 Κλεοπατρίου
336 4017 464 4095 χαίρειν.
490 4013 592 4081 CXVI
614 4016 708 4099 Μηνᾷ
799 4015 865 4080 ἀπὸ
887 4020 944 4093 τῆς
966 4011 1184 4101 Ἀρςινοίταήν
1199 4015 1326 4079 πόλεως
1360 4015 1437 4077 Brv

102 4117 256 4206 Αὐρ]ηλίῳ
279 4120 369 4203 Ἡλίᾳ
457 4119 523 4185 ἀπὸ
546 4124 601 4199 τῆς
623 4118 957 4198 Ἀρςινοίτωνπόλεως
981 4118 1046 4180 Bx
1071 4117 1136 4183 ἀπὸ
1159 4121 1215 4195 τῆς
1235 4116 1440 4196 Ἀρςινοίτων

203 4257 236 4324 ⁴⁵)
255 4258 324 4311 idem
347 4257 381 4310 fit
404 4256 433 4309 in
457 4273 558 4326 papyro
586 4256 634 4309 illo
652 4254 879 4324 Fayyumensium
903 4254 1017 4307 maximo
1036 4253 1084 4308 lin.
1104 4259 1119 4307 2
1137 4270 1158 4307 s.
1188 4254 1232 4320 (cf.
1252 4270 1277 4321 p.
1297 4255 1355 4320 dl):
1384 4254 1439 4307 Φλα

105 4342 246 4413 Ε[ὐ]τοχίῳ
265 4350 308 4412 τῷ
331 4344 625 4413 μεγαλοπρεπεςτάτῳ
645 4345 691 4396 καί
710 4342 890 4408 ἐνδοξοτάτῳ
910 4341 1003 4405 κόμιτι
1027 4345 1088 4394 τῶν
1112 4341 1333 4406 καθοειωμένων
1357 4340 1438 4403 boue·

105 4435 202 4484 ετικύιν
221 4434 268 4484 καί
285 4433 467 4498 πρωτεύοντι
485 4435 536 4498 τῆς
554 4428 753 4497 Ἀρςινοείτυιν
766 4428 878 4481 πόλεως
897 4426 1036 4494 Αὐρήλιος
1055 4427 1169 4492 Σαμβᾱς
1187 4425 1248 4480 υίὸς
1267 4427 1326 4480 ἀπα
1340 4423 1439 4479 Νείλου

106 4515 233 4584 Αεε[ί]της
252 4517 308 4572 ἀπὸ
328 4517 400 4586 [τήής
419 4518 509 4584 αὐτῆς
528 4517 639 4571 πόλεως
664 4515 720 4568 ἀπὸ
745 4514 878 4580 ἀμφόδου
903 4510 1092 4567 Αλοπυιλίων·
1121 4513 1252 4578 ὁμολογῶ
1277 4512 1313 4564 τὰ
1338 4513 1439 4565 ὑποτε-

105 4603 235 4666 ταγμένα.
254 4604 419 4671 προςελθὼν
438 4619 459 4656 e.
479 4617 504 4671 q.
523 4619 554 4668 s„
573 4603 618 4670 qui
637 4600 744 4669 quidem
763 4615 879 4668 papyrus
897 4599 926 4651 in
941 4597 972 4652 V.
991 4597 1082 4653 Melet.
1096 4597 1176 4651 Vind.
1196 4598 1333 4650 uolumine
1350 4596 1436 4665 publi·

106 4684 212 4747 cabitur.
