3376 5200
244 313 265 379 6

243 503 359 569 litteris
382 501 463 568 datis
487 519 506 566 a
529 501 680 584 magistro
704 500 911 566 dilectissimo
934 504 971 568 de
993 503 1094 567 altera
1124 501 1307 568 collectione
1336 503 1452 568 certior
1484 505 1615 570 faetus

243 627 328 688 sum,
363 625 423 689 qua
445 608 480 671 ut
502 606 581 671 mihi
604 606 713 671 liceret
735 607 799 683 uti,
835 607 985 690 magister
1012 606 1212 673 doctissimus
1241 607 1322 671 idem
1353 606 1610 673 intercesserat.

243 713 336 794 atque
361 711 417 775 hos
440 729 571 795 papyros
596 710 619 776 (i
643 711 750 777 littera
773 709 961 793 significaui.
985 711 1059 792 quid
1075 711 1155 793 quod
1171 710 1221 775 uir
1236 711 1289 776 ille
1305 710 1456 793 egregius
1467 715 1611 774 mensis
1674 735 1675 744 ¹

244 813 433 879 Nouembris
463 815 512 878 dio
535 813 627 880 XVII
656 813 772 879 litteris
796 813 878 880 datis
903 831 1025 878 meeum
1048 813 1293 879 communicauit
1315 832 1347 877 so
1369 814 1608 879 intercedente

245 918 370 983 tertiam
393 934 579 1000 papyrorum
603 918 696 1000 atquo
719 919 974 983 membranarum
997 917 1210 982 collectionem
1228 917 1416 981 uberrimam
1434 917 1476 982 ad
1495 936 1609 981 usum

244 1041 348 1088 meum
360 1025 490 1104 patere?
506 1025 600 1103 atque
611 1023 702 1087 huius
716 1020 916 1102 collectionis,
934 1020 1021 1086 cuius
1034 1024 1139 1104 partes
1152 1022 1179 1084 D
1193 1023 1218 1084 E
1232 1021 1257 1085 P
1270 1019 1384 1085 litteris
1397 1019 1610 1102 significaui,

244 1145 397 1208 papyrum
420 1143 512 1207 quem
536 1124 695 1190 continere
709 1125 853 1191 intellexi
869 1124 1024 1208 euangelii
1041 1124 1218 1208 fragmenta
1233 1123 1463 1208 pretiosissima
1478 1141 1609 1186 mense

244 1228 410 1292 Decembri
432 1247 459 1294 a.
486 1228 566 1292 1881
598 1229 773 1294 accuratius
804 1230 938 1293 tractaui
969 1227 1001 1291 in
1031 1228 1269 1292 Meletematum
1292 1226 1607 1291 Vindobonensium

244 1332 305 1397 uol.
327 1329 419 1394 init
449 1330 514 1395 iam
537 1350 607 1396 cum
630 1332 720 1396 tanta
742 1332 924 1397 chartarum
947 1334 1075 1395 caterua
1098 1331 1177 1394 mihi
1199 1330 1247 1394 uti
1269 1330 1426 1406 licuisset,
1465 1329 1607 1393 sactum

245 1436 308 1511 est,
343 1437 379 1496 ut
406 1433 531 1517 papyris
554 1434 686 1519 singulis
708 1437 790 1499 inter
813 1452 846 1498 se
869 1434 1002 1499 conlatis
1026 1435 1058 1499 et
1081 1433 1252 1516 scripturae
1275 1433 1306 1496 et
1330 1431 1606 1512 compendiorum

245 1535 439 1618 aliarumque
461 1555 564 1601 rerum
586 1537 732 1603 notitiam
756 1538 902 1602 intimam
925 1539 1054 1619 adeptus
1078 1540 1108 1601 ct
1130 1536 1213 1601 locos
1235 1534 1434 1601 difficillimos
1459 1553 1605 1616 supera-

244 1658 310 1703 rem
333 1641 365 1702 et
386 1638 513 1703 lacunas
537 1638 653 1703 multas
676 1641 841 1723 explerem.
876 1639 954 1706 adde
976 1641 1056 1720 quod
1078 1639 1291 1704 intercedente
1310 1639 1462 1719 magistro
1485 1637 1605 1701 dilec-

244 1742 365 1806 tissimo
388 1741 450 1805 otio
473 1745 504 1806 et
526 1743 747 1809 commoditate
769 1762 894 1808 summa
919 1745 1041 1808 fructus
1064 1763 1150 1828 sum3
1173 1745 1221 1808 tot
1242 1741 1402 1823 tantisque
1426 1741 1605 1806 benefieiis

246 1844 323 1907 scito
346 1863 397 1906 me
421 1845 616 1908 cumulatum
640 1863 715 1910 esse.

253 1996 257 2005 .
346 1944 414 2009 Iam
437 1946 571 2029 agedum
593 1947 729 2030 primum
752 1947 964 2013 describamus
981 1949 1146 2014 materiam
1163 1949 1342 2015 chartarum
1364 1950 1519 2031 ipsarum.
1540 1952 1603 2011 at-

248 2061 315 2128 quc
332 2047 368 2112 de
391 2049 503 2130 papyri
532 2050 628 2114 uariis
650 2049 815 2132 generibus
838 2050 924 2116 loeus
948 2053 1048 2116 exstat
1070 2050 1204 2136 insignis
1227 2052 1259 2116 in
1282 2051 1381 2116 Plinii
1409 2053 1473 2116 net.
1505 2051 1597 2115 hist.

245 2149 318 2226 libri
340 2149 402 2214 ΧΠ
432 2169 498 2233 cap.
533 2150 587 2214 12ο
617 2153 671 2234 qui
702 2153 828 2234 quidem
857 2155 1019 2219 enumerat
1048 2153 1102 2219 has
1133 2154 1257 2220 chartas
1287 2154 1482 2220 Hieraticam
1514 2153 1599 2218 siue

246 2253 392 2338 Augusti,
417 2255 528 2320 deinde
550 2255 722 2335 Liuianum,
746 2259 893 2329 secuntur
916 2256 1083 2337 hieratica,
1114 2257 1386 2340 amphitheatrica,
1408 2257 1596 2338 Fanniana,

246 2355 373 2434 Saitica,
397 2358 592 2438 Taeneotica,
610 2360 799 2442 emporetica
814 2360 852 2424 of.
871 2358 1055 2425 Guilandini
1072 2361 1115 2426 M.
1132 2379 1268 2445 papyrus
1287 2362 1345 2426 hoo
1361 2363 1409 2424 est
1424 2378 1595 2426 commen-

246 2461 343 2523 tarius
358 2461 391 2524 in
406 2461 467 2525 tria
483 2459 517 2525 C.
528 2461 628 2525 Plinii
643 2462 769 2544 majoris
787 2461 854 2540 (sic)
870 2463 907 2527 de
931 2481 1047 2546 papyro
1070 2465 1174 2545 capita
1196 2483 1309 2530 access.
1327 2465 1367 2528 H.
1384 2463 1595 2530 Mercurialis

247 2562 462 2647 repugnantia,
486 2581 546 2644 qua
569 2580 624 2644 pro
647 2563 766 2628 Gelono
790 2566 917 2629 strenue
945 2570 1102 2649 pugnatur
1131 2570 1208 2632 item
1238 2565 1422 2631 Guilandiui
1452 2571 1594 2632 assertio

254 2665 430 2730 sententiae
462 2666 495 2728 in
525 2665 694 2732 Galen...
735 2665 845 2731 Venet.
881 2667 963 2732 1572
997 2707 1036 2720 ·-
1071 2670 1196 2736 Dureau
1230 2671 1268 2734 de
1302 2671 1333 2734 la
1353 2669 1451 2734 Malle
1478 2690 1534 2734 sur
1561 2671 1594 2734 le

249 2786 382 2850 papyrus
415 2766 582 2832 Memoiros
616 2769 653 2834 de
687 2769 878 2835 l'hcadtmie
913 2771 967 2835 des
1002 2773 1141 2854 inscript.
1177 2774 1240 2837 uol.
1276 2773 1353 2838 XlX
1382 2772 1509 2838 Ritsohl
1533 2774 1591 2837 die

250 2869 529 2936 Alexandrinische
559 2871 741 2938 Bibliothek
774 2876 828 2956 (ε
857 2871 1013 2955 Opuscula
1042 2875 1072 2957 I)
1096 2894 1165 2958 pag.
1199 2875 1259 2940 128
1289 2895 1329 2940 ss.
1358 2877 1511 2940 Blimner
1542 2877 1589 2940 H.

251 2972 457 3056 Technologie
481 2975 545 3038 und
568 2974 794 3058 Terminologie
819 2977 873 3040 der
896 2975 1044 3041 Gowerbo
1063 2980 1125 3042 und
1141 2979 1264 3044 Kirnste
1282 2979 1333 3044 hei
1349 2977 1502 3044 Griechen
1520 2980 1587 3042 und

247 3077 393 3151 Romern,
418 3077 491 3156 Lpz.
517 3077 599 3142 1875
622 3079 637 3142 Ι
653 3077 682 3142 S.
707 3078 779 3143 308.
800 3077 837 3143 G.
854 3078 1010 3162 Seyfferth
1025 3082 1101 3145 iiber·
1117 3082 1171 3144 das
1187 3079 1299 3162 Papier
1314 3082 1368 3146 dar
1387 3080 1485 3146 Alton
1500 3081 1587 3145 nach

248 3179 370 3243 Plinius
394 3179 456 3242 und
481 3180 535 3243 der
558 3180 809 3263 Papyrusstaude
831 3181 877 3245 im
900 3181 1102 3246 botanisohen
1126 3179 1242 3246 Garten
1273 3202 1310 3246 zu
1333 3182 1464 3265 Leipzig
1493 3181 1590 3248 Sera·

252 3301 346 3363 peum
369 3283 417 3347 III
442 3283 524 3347 1842
541 3282 571 3348 S.
589 3285 632 3348 33
645 3284 676 3348 ff.
701 3284 810 3350 cesare
826 3284 915 3350 Paoli
931 3286 982 3350 del
997 3285 1121 3368 papiro.
1135 3335 1164 3351 ..
1186 3285 1317 3350 Florenz
1336 3286 1418 3352 1878
1435 3285 1587 3350 Watten·

250 3386 338 3464 haoh,
362 3382 598 3450 Schriftwesen²
620 3406 648 3469 p.
674 3388 716 3452 80
734 3406 773 3453 ss.
798 3389 1018 3455 Gardthausen
1042 3390 1096 3456 Gr.
1120 3387 1186 3452 Pal.
1211 3409 1238 3470 p.
1263 3389 1304 3452 33
1327 3407 1366 3452 ss.
1381 3385 1420 3471 6).

352 3487 457 3570 Atque
480 3505 535 3552 nos
557 3490 646 3554 uaria
667 3508 856 3572 papyrorum
871 3491 1147 3573 genere'uidimus.
1173 3509 1209 3554 ac
1223 3491 1287 3556 iam
1302 3492 1441 3573 primum
1457 3492 1589 3556 chartae

248 3608 345 3671 genus
370 3591 577 3666 tenuissimae,
595 3592 885 3674 pulcherrimaeque
908 3594 991 3658 luteo
1016 3605 1051 3658 ut
1073 3595 1119 3659 ita
1141 3593 1246 3658 dicam
1269 3595 1370 3659 colore
1395 3593 1434 3676 (c.
1450 3613 1479 3676 g.
1497 3596 1530 3658 F.
1549 3595 1584 3674 2)

250 3693 360 3757 deinde
384 3693 526 3759 chartam
558 3694 698 3760 eiusdem
727 3695 864 3761 sahricao
893 3696 992 3760 colore
1020 3695 1112 3761 badio
1143 3697 1306 3778 spadioeue
1329 3698 1504 3779 insignem,
1532 3697 1587 3779 qui

249 3795 331 3859 oolor
353 3797 474 3861 medius
498 3800 544 3861 est
566 3799 649 3863 inter
670 3800 795 3864 fuscum
818 3799 851 3862 et
866 3799 1005 3865 rubrum.
1029 3801 1105 3864 sunt
1121 3818 1241 3881 quoque
1258 3800 1384 3864 chartae
1404 3818 1484 3882 quae
1502 3806 1587 3865 tam-

249 3916 343 3979 quam
365 3917 462 3982 gonus
486 3899 619 3966 mixtum
642 3903 831 3984 aratroque
854 3903 1005 3984 praebent
1032 3906 1071 3985 (e.
1089 3920 1120 3984 g.
1143 3921 1278 3986 papyrus
1301 3903 1427 3968 Aurelii
1450 3903 1586 3984 Minae).

249 4001 312 4065 tria
335 4000 410 4066 haec
431 4021 545 4086 genera
567 4003 683 4086 optime
706 4007 843 4070 aetatem
864 4006 1016 4086 tulerunt,
1040 4006 1102 4070 nisi
1125 4008 1205 4088 quod
1229 4005 1365 4071 alterum
1389 4004 1427 4070 oh
1452 4007 1586 4070 nimiam

249 4103 437 4186 elegantiam
461 4108 495 4170 et
516 4107 706 4172 tenuitatem
728 4108 876 4175 facillime
899 4108 1003 4191 frangi
1026 4109 1138 4192 potuit.
1169 4107 1351 4191 superhgies
1379 4111 1488 4173 autem
1519 4112 1587 4173 tam

250 4209 297 4270 est
319 4206 427 4289 polita,
452 4208 487 4272 ut
508 4207 660 4274 facillime
683 4229 766 4274 nunc
790 4229 912 4293 quoque
934 4213 974 4275 in
991 4211 1109 4276 chartis
1133 4210 1224 4276 huius
1240 4211 1363 4291 generis
1387 4210 1480 4276 scribi
1497 4229 1587 4294 posse

251 4309 455 4392 contendam
479 4311 563 4393 quid,
587 4313 668 4394 quod
691 4313 813 4380 litteras
835 4315 901 4380 uidi
924 4316 990 4378 tam
1006 4317 1125 4394 tenues,
1148 4318 1183 4378 ut
1206 4313 1285 4378 duae
1309 4317 1355 4378 1¹¹³
1369 4313 1421 4353 mi
1445 4315 1584 4396 spatium

355 4563 374 4629 ⁶)
394 4579 422 4618 re
446 4563 570 4619 absoluta
594 4565 663 4620 liber
685 4566 876 4636 amplissimus,
901 4583 953 4636 quo
972 4567 1024 4621 alio
1050 4567 1107 4621 loco
1125 4570 1195 4630 utar,
1220 4566 1351 4621 Theodori
1369 4567 1438 4636 Birt,
1460 4585 1482 4624 c.
1500 4571 1518 4623 i.
1538 4571 1586 4625 das

249 4651 343 4706 antihe
361 4651 529 4719 Buohwesen,
548 4653 618 4707 Berl.
640 4658 706 4707 1882
726 4653 843 4708 accessit.
863 4654 898 4712 ci.
917 4670 985 4723 quae
1003 4654 1097 4723 scripsi
1116 4653 1143 4707 in
1158 4653 1245 4708 Wion.
1260 4654 1335 4708 stud.
1348 4653 1396 4711 IV.
1409 4659 1432 4710 2.
1445 4669 1470 4723 p.
1483 4659 1534 4710 223
1547 4673 1585 4725 sq.
