3376 5200
1295 210 1545 314 ·234

233 440 307 505 litor
331 440 403 506 Cvr
428 440 514 522 (anni
537 439 728 505 Diocletiani
749 441 827 523 312)
850 441 885 505 ἐν
908 440 1040 520 ὀνόματι
1062 445 1121 505 τοῦ
1146 441 1256 519 κυρίου
1280 440 1331 504 καὶ
1354 440 1466 505 δετπό-

763 545 850 596 τ-καῖ

232 635 290 678 του
312 613 409 692 Ἰηεοῦ
432 613 563 691 Χριετοῡ
590 618 648 677 τοῦ
676 618 753 677 θεοῦ
787 605 808 676 ἐ
848 617 991 692 τωτῆροτ
1019 613 1108 692 ἡμῶν
1134 614 1185 677 καὶ
1216 617 1271 691 τῆς
1302 611 1466 689 δετττοίνηε

159 723 165 730 ’
232 717 321 795 ἡμῶν
343 721 399 794 τῆ(
423 715 512 792 ἁγίατ
535 716 692 780 θεοτόκου
715 717 842 795 Μαρία(
864 718 914 782 καὶ
937 717 1069 780 πάντων
1091 719 1156 779 τῶν
1180 715 1289 792 ἁγίων.

231 835 336 918 Atque
352 838 487 901 nominis
503 836 612 901 beatae
629 835 769 920 Virginis
786 837 918 902 formam
934 856 1005 901 cum
1020 837 1054 900 in
1069 836 1190 901 actibus
1206 832 1331 899 Graecis
1346 853 1466 916 semper

122 937 190 1002 fere
220 941 328 1019 Μαρία
358 958 424 1004 esse
455 938 595 1018 uideam,
630 940 663 1004 tn
691 941 764 1004 actu
794 940 912 1022 coptioo
942 958 966 1006 s.
991 938 1070 1020 vni,
1102 957 1194 1021 quem
1217 956 1288 1002 oum
1312 938 1410 1002 amico
1434 939 1465 1004 J.

122 1040 220 1106 Krall
242 1042 440 1124 perlustraui,
463 1044 596 1108 formam
620 1045 749 1123 Μαριαμ
772 1043 888 1108 inueni.

231 1164 266 1232 Β.
290 1165 423 1246 Tempus
445 1164 611 1244 indicatur,
646 1184 705 1248 quo
729 1165 838 1230 datum
863 1169 911 1230 est
934 1165 1121 1249 symbolum,
1146 1165 1239 1260 atque
1264 1163 1384 1227 saeculo
1415 1162 1460 1224 VI

124 1265 255 1349 quidem
279 1269 310 1331 et
338 1267 396 1331 VII
419 1267 546 1332 ineunte
569 1271 600 1332 et
616 1269 741 1332 nomino
757 1269 954 1350 imperatoris
970 1269 1118 1351 regnique
1134 1287 1213 1333 anno
1235 1267 1266 1330 et
1281 1267 1460 1348 indictione,

122 1370 236 1452 postea
259 1371 365 1434 autom
388 1389 472 1460 mera
495 1371 673 1450 indictione,
697 1390 759 1436 uno
781 1370 847 1436 loco
874 1370 910 1454 (C
933 1377 982 1449 vr)
1006 1390 1086 1438 anno
1110 1371 1309 1437 Diocletiani.

234 1488 268 1558 G.
292 1490 400 1556 TertIa
422 1511 504 1573 pars,
535 1495 702 1577 eademque
731 1493 930 1578 grauissima,
966 1494 1099 1577 symboli
1134 1511 1292 1558 summam
1326 1490 1462 1556 continet

125 1595 264 1658 minores
286 1595 388 1675 partes
414 1595 619 1678 complectens
642 1597 699 1661 has
1361 1601 1363 1606 ’

171 1698 205 1782 ο)
230 1717 344 1760 nomen
365 1698 523 1764 indicatur
544 1699 688 1764 fectionIs
711 1698 842 1782 primae.

168 1801 199 1884 θ)
225 1802 425 1866 addituream
430 1801 584 1882 praebere
595 1804 691 1868 testes
700 1805 886 1888 (pdpropoc)
894 1802 1142 1868 subscribentem
1152 1798 1464 1884 (duorpopdotalia.

170 1906 199 1984 o)
224 1903 387 1967 salutatur
408 1903 504 1969 fertio
527 1906 627 1970 altera
649 1907 691 1990 et,
715 1907 743 1970 si
765 1925 826 1988 qua
849 1909 908 1984 est,
932 1908 1035 1980 tertie,
1060 1907 1172 1987 quarte
1185 1955 1193 1970 .
1207 1955 1235 1970 ..

169 2006 204 2092 d)
228 2025 293 2070 rom
316 2009 417 2090 ipsam
439 2007 583 2088 fodeatur
606 2008 781 2091 (ὁμολογῶ)
808 2009 846 2092 [e.
871 2028 900 2090 g.
924 2009 1144 2073 describuntur
1167 2008 1280 2072 domus
1303 2005 1464 2071 uendenda

122 2111 252 2192 eiusque
274 2115 389 2191 partes,
413 2110 571 2176 adduntur
592 2111 669 2175 fines
694 2113 882 2194 nominaque
905 2113 1021 2176 circum
1045 2109 1285 2192 habitantium}

169 2211 199 2296 e)
223 2231 316 2294 quam
338 2213 464 2294 quidem
487 2233 554 2276 rem
578 2213 664 2277 trudi
687 2215 725 2278 ab
749 2232 813 2278 una
835 2214 970 2278 faotione
993 2214 1083 2277 altori
1108 2231 1180 2277 cum
1203 2212 1350 2276 omnibus
1366 2211 1464 2294 priui-

124 2315 220 2398 legiis
242 2315 410 2382 indicatur

174 2417 208 2499 f)
233 2420 338 2500 agitur
360 2421 398 2482 de
414 2419 531 2500 pretio.

168 2520 203 2606 p)
226 2539 333 2586 omnes
357 2524 395 2587 ab
418 2523 533 2588 InIuria
554 2526 748 2604 reuocentur,

167 2624 203 2706 ίι)
226 2643 324 2707 poena
345 2627 506 2708 multaque
529 2626 702 2690 constituta
724 2626 755 2688 ot
778 2625 951 2708 proposita;
975 2644 1056 2707 quae
1071 2626 1198 2706 quidem
1215 2641 1285 2707 pars
1302 2622 1463 2688 conficitur

123 2729 177 2792 his
201 2732 266 2793 fore
288 2728 392 2794 uerbis
416 2732 466 2796 καὶ
489 2731 700 2808 ἐπερωτηθεὶς
724 2729 922 2808 ὡμολόγητο.

231 2835 261 2896 Α
284 2851 334 2896 mo
357 2851 417 2897 non
439 2831 588 2915 impetro,
622 2834 658 2896 ut
690 2835 812 2896 taceam
846 2837 882 2897 do
916 2831 1026 2911 rebus,
1061 2849 1149 2914 quae·
1174 2851 1248 2896 sano
1282 2831 1377 2896 miros
1407 2846 1463 2892 nos

124 2933 254 2999 habent.
278 2935 395 3000 etenim
418 2953 463 3010 oa,
488 2954 566 3017 qnae
589 2935 731 3000 blittero
746 2935 932 3020 significari,
957 2953 1080 3016 semper
1096 2935 1160 2999 fere
1176 2935 1225 3000 his
1245 2935 1463 3017 exprimuntur

121 3041 319 3116 παρέχοντε(
347 3039 427 3118 ὑπὲρ
466 3037 580 3104 αὐτῶν
601 3039 793 3119 ὑπογραφέα
821 3041 872 3104 καὶ
900 3040 1062 3118 μάρτυρα(
1093 3045 1186 3117 τῆτδε
1222 3044 1277 3117 roc
1315 3039 1463 3102 αἰωνείαε

122 3143 273 3221 πράεεωτ
295 3144 371 3206 τοὺ(
395 3143 465 3220 ἑξῆτ
487 3143 739 3223 ὑπογράφοντα(
762 3144 909 3221 τιθέμεθα
937 3143 1032 3220 τήνδε
1060 3145 1118 3223 τὴν
1152 3144 1361 3222 καταγραφὴν
1389 3140 1457 3205 καθ’

125 3245 232 3323 ἁπλῆν
254 3245 419 3326 ἔγγραφον
443 3245 617 3327 ἀτφάλειαν
641 3247 779 3325 ἐμμεῖναι
802 3247 899 3330 ταύτῃ
923 3251 960 3328 τῇ
984 3247 1104 3325 πράτει.

169 3346 198 3432 ο)
223 3349 326 3429 pergit
348 3368 373 3412 e.
397 3367 426 3431 g.
450 3348 610 3414 Parisinus
639 3366 711 3431 pap.
734 3349 773 3413 21
806 3349 856 3414 bis
879 3352 939 3413 ito:
968 3351 1113 3433 Αὐρηλίῳ
1144 3349 1299 3432 Παχυμίῳ
1330 3354 1389 3432 τῷ.
1404 3397 1411 3412 .
1425 3396 1454 3410 ..

124 3452 295 3530 χαίρειν.

170 3555 203 3640 d)
229 3556 375 3620 uocabulo
399 3555 548 3634 ὁμολογῶ
573 3554 637 3640 (uel
654 3555 874 3637 ὁμολογοῦμεν
890 3560 966 3635 κτλ.)
983 3557 1027 3620 rei
1044 3557 1140 3638 ipsius
1156 3555 1324 3636 descriptio
1341 3572 1462 3635 semper

124 3658 190 3722 fere
213 3657 434 3722 introducitur.

168 3762 195 3842 e)
221 3760 332 3841 quinta
354 3778 427 3840 pars
450 3777 523 3824 sano
545 3761 662 3825 mirum
678 3761 712 3824 in
728 3763 854 3828 modum
869 3763 902 3825 in
926 3761 1071 3826 omnibus
1087 3762 1213 3844 papyris
1229 3759 1396 3825 simillima
1414 3761 1463 3822 est

126 3864 207 3942 πρόε
230 3864 268 3928 τὸ
292 3865 324 3928 τὲ
346 3864 459 3945 incipit
481 3863 654 3943 πριάμενον
676 3863 715 3927 Ν.
740 3863 778 3928 N.
803 3868 930 3943 κρατεῖν
953 3867 1004 3929 καὶ
1027 3866 1180 3943 κυριεύειν
1196 3866 1322 3928 τούτων
1339 3865 1390 3928 καὶ
1405 3865 1463 3941 τὴν

125 3971 228 4031 πᾶταν
250 3967 332 4045 ἔχειν
352 3968 536 4032 δετποτείαν
559 3969 611 4031 καὶ
634 3967 778 4034 ἐξουτίαν
801 3970 1000 4033 τούτωνκαὶ
1024 3970 1175 4033 ἐπιτελεῖν
1199 3970 1271 4046 περὶ
1289 3968 1395 4032 αὐτῶν
1412 3956 1464 4030 καὶ

128 4074 269 4148 βελτιοῦν
284 4071 336 4134 καὶ
358 4057 544 4149 οἰκοδομεῖν
562 4071 612 4134 καί
635 4073 752 4134 πωλεῖν
775 4072 826 4135 καί
849 4075 1046 4150 μεταπωλεῖν
1068 4074 1118 4136 καὶ
1141 4071 1396 4149 πανταπράττειν
1411 4071 1463 4134 καὶ

127 4173 373 4251 προτοδεύετθαι
407 4173 585 4249 ἐνιαυτίιυτ,
616 4173 848 4252 ἐπιχαρίζετθαι
888 4173 1106 4252 κληρονόμοι(
1133 4176 1185 4238 καὶ
1220 4174 1382 4253 διαδόχοις
1411 4176 1462 4238 καὶ

129 4276 336 4355 διακατόχοιτ,
360 4276 740 4355 καταλιμπάνειν...
754 4324 762 4340 .
775 4277 833 4341 τὸν
856 4275 982 4342 ἅπαντα
997 4277 1116 4356 χρόνον
1132 4277 1270 4354 (ἀδέωτ).

168 4379 201 4460 f)
227 4377 364 4461 pretium
401 4378 437 4442 do
462 4395 532 4460 ⁴quo
565 4379 647 4442 inter
684 4378 835 4443 factiones
871 4378 1025 4459 conuenit,
1060 4383 1190 4444 uocatur
1222 4382 1292 4461 τιμὴ
1326 4381 1345 4459 ἡ
1379 4380 1461 4459 πρὸς

131 4481 283 4560 ἀλλήλουτ
320 4483 589 4562 τυνπεφωνημὲνη
618 4483 669 4546 καὶ
698 4482 904 4561 τυναρετάτη,
936 4501 1016 4564 quoe
1044 4482 1169 4564 qnidam
1196 4482 1383 4568 significatio
1412 4483 1460 4546 in·

131 4583 252 4648 uenitnr
275 4585 340 4649 iam
364 4583 395 4649 in
418 4603 536 4667 papyro
559 4583 633 4649 enni
654 4604 685 4667 p.
709 4582 763 4649 Oh.
787 4604 817 4649 n.
843 4584 907 4650 154
927 4585 1070 4651 Parisino
1093 4585 1173 4650 XIII
1196 4585 1252 4650 lin.
1277 4586 1329 4650 10.
