3376 5200
266 293 305 358 16

264 483 337 548 data
360 483 391 546 et
414 499 557 547 concessa
580 482 637 545 est.
661 479 699 545 cf.
724 479 884 544 Letromre
906 478 1090 545 Materiam.
1113 499 1184 564 pag.
1202 480 1253 546 93.
1277 498 1356 562 quae
1377 500 1447 545 cum
1466 483 1520 546 ita
1537 483 1611 558 sint,

265 603 338 649 sane
361 583 456 649 miros
478 601 534 648 nos
557 583 673 648 habent
697 600 747 660 ea,
770 600 849 664 quae
872 584 996 646 exstant
1018 583 1051 646 in
1081 600 1134 667 pp.
1159 581 1182 648 (l
1206 601 1254 648 xv
1281 585 1371 665 (saec.
1389 583 1537 666 vlsvn)
1565 584 1611 649 ἐπ’

263 687 491 770 Ἀρτιν(οῑτου)Ἰ
513 685 590 766 (scil.
613 687 728 768 νόμου)
766 686 992 767 ἐπαρχ(ία()
1027 685 1223 770 Ἀρκαδ(ία()
1257 689 1289 751 et
1322 688 1356 750 in
1390 687 1499 750 Paria.
1533 687 1611 750 XXI

267 792 420 877 (eiusdem
442 792 631 874 temporis).
656 839 662 852 .
686 839 694 855 .
718 791 753 856 ἐν
776 791 863 874 κώμῃ
887 789 983 855 Θινὸ(
1006 790 1041 854 ἐκ
1064 791 1204 871 Θηβαίου
1228 791 1421 870 ἐπαρχία(
1456 789 1518 871 (cf.
1546 791 1612 853 ἀπὸ

265 897 371 974 κώμη(
394 896 490 960 Θινό(
511 897 569 959 τοῦ
587 893 714 958 Θινίτου
729 893 857 973 νόμου).
882 892 957 974 quid
973 891 1046 956 inde
1062 892 1271 977 colligendum
1284 891 1352 958 est‘?
1376 892 1453 956 mihi
1476 892 1611 974 quidem

267 1003 323 1063 aut
345 999 485 1080 priorum
508 1013 671 1060 nemorum
694 994 968 1079 eparchiarumque
999 995 1126 1060 nomina
1153 998 1289 1060 nondum
1320 1014 1355 1060 er
1386 1014 1444 1060 usu
1480 994 1611 1059 uenisse

269 1102 325 1166 aut
349 1104 432 1164 certe
454 1099 592 1164 nondum
615 1117 680 1163 esse
704 1098 852 1164 obliuioni
875 1097 993 1163 tradita
1014 1097 1172 1163 uidentur.
1205 1087 1209 1094 ’

370 1228 573 1295 Tributorum
586 1227 803 1310 erigendorum
816 1243 908 1291 causa
918 1232 1035 1293 terram
1047 1233 1169 1292 omnem
1183 1229 1214 1292 in
1227 1229 1384 1310 priuatam
1397 1229 1428 1292 et
1439 1227 1608 1310 publicam

262 1333 421 1411 ἰδιωτικήν
437 1336 468 1396 οδ
491 1332 642 1410 δημοόαν
664 1331 798 1396 diuisam
823 1349 890 1395 esse
907 1331 1074 1413 accipimus
1090 1349 1126 1395 ex
1141 1332 1267 1413 papyris
1282 1331 1434 1395 Parisinis
1450 1349 1540 1396 saec.
1554 1330 1607 1394 VI.

262 1439 293 1500 et
308 1435 377 1499 VII.
402 1435 540 1516 antiquis
563 1434 648 1498 enim
671 1433 864 1516 temporibus
887 1434 1013 1498 redacta
1036 1434 1084 1497 est
1105 1433 1236 1515 pecunia
1258 1433 1451 1498 tributorum
1468 1434 1506 1496 in
1522 1433 1606 1496 ἴδιον

261 1541 292 1602 et
314 1538 347 1602 in
370 1538 520 1617 δημότιον
542 1535 649 1617 λόγον,
673 1539 754 1600 unde
777 1537 903 1600 nomina
931 1537 1021 1615 χώρα
1051 1536 1188 1614 ἰδιωτική
1214 1537 1251 1600 let
1282 1537 1415 1613 δημοτία
1445 1535 1481 1598 in
1517 1553 1607 1599 usum

261 1644 422 1704 uenerunt.
457 1638 538 1723 quod
562 1640 689 1720 quidem
711 1637 907 1718 intellegitur
930 1639 1086 1703 etiamen
1109 1657 1161 1721 pp.
1188 1657 1257 1702 meo
1280 1638 1306 1702 F
1329 1639 1370 1701 52
1393 1638 1516 1702 saeculi
1542 1635 1605 1701 ΙΨ.

362 1769 483 1843 Restat,
507 1771 542 1832 ut
564 1769 601 1833 de
624 1768 727 1831 titulis
751 1768 782 1831 et
804 1765 975 1831 honoribus
997 1767 1170 1850 loquamur.
1201 1785 1237 1832 ac
1261 1768 1323 1831 iam
1339 1767 1480 1850 primum
1496 1765 1602 1850 digni-

262 1871 392 1951 tatibus,
417 1889 494 1953 quae
525 1871 606 1934 inter
641 1869 790 1934 inlustres
824 1868 1029 1951 habebantur,
1065 1870 1179 1934 titulus
1213 1871 1281 1934 erat
1317 1870 1539 1937 ἐνδοξότατα(
1565 1868 1604 1931 cf.

260 1975 431 2039 Iustiniani
453 1974 571 2039 Nou.8
595 1977 626 2036 et
648 1972 729 2038 Non.
753 1973 797 2037 30
819 1973 1028 2040 ἐνδοξότατα(
1053 1972 1163 2052 ἄρχων
1178 1971 1259 2038 Nou.
1282 1973 1334 2036 21.
1352 1973 1395 2038 50
1410 1973 1494 2039 Nou.
1513 1971 1602 2038 30.r

263 2078 473 2146 ἐνδοξότατα(
503 2077 673 2156 Κυαίετωρ,
697 2077 902 2143 ἐνδοξότατοι
917 2077 1125 2155 πραιπόατοι.
1149 2095 1208 2158 quo
1233 2075 1357 2158 quidem
1386 2077 1481 2140 titulo
1501 2091 1604 2140 comes

259 2200 419 2272 sacrarum
449 2180 662 2264 largitionum,
687 2197 788 2244 comes
812 2200 916 2244 rerum
938 2181 1143 2261 priuatarum,
1167 2179 1341 2263 praefectus
1364 2180 1524 2261 praetorio
1549 2195 1602 2260 per

259 2284 427 2361 Orientem,
451 2285 645 2368 praepositus
669 2285 749 2350 sacri
772 2284 914 2363 cubiculi,
937 2289 1093 2366 quaestor,
1117 2283 1172 2348 alii
1202 2284 1241 2348 ab
1269 2283 1457 2366 imperatore
1488 2285 1602 2348 hones·

259 2387 319 2452 tati
335 2389 417 2452 sunt.
442 2406 522 2470 quae
536 2387 703 2471 appellatio
727 2389 824 2452 etiam
848 2389 887 2452 ad
911 2389 995 2452 uiros
1018 2387 1206 2469 spectabiles
1222 2387 1255 2452 et
1271 2385 1459 2451 clarissimos
1484 2385 1600 2451 defere-

258 2491 359 2555 batur.
383 2490 477 2572 atque
499 2492 832 2569 μεγαλοπρεπέαατο(
854 2489 968 2554 titulus
983 2508 1053 2554 cum
1071 2491 1282 2556 ἐνδοξότατα(
1298 2489 1487 2554 coniunctus
1506 2489 1597 2553 datus

259 2596 304 2656 est
319 2591 487 2674 praefectis
509 2592 675 2675 praetorio,
699 2591 864 2657 comitibus
887 2611 1044 2656 sacrarum
1066 2593 1280 2674 largitionum,
1305 2592 1474 2657 comitibus
1491 2608 1597 2656 rerum

258 2695 451 2779 priuatarum
464 2693 543 2760 eliis.
558 2695 606 2772 (cf.
619 2694 653 2758 in
664 2694 775 2778 primis
785 2695 951 2760 Iustiniani
962 2714 1055 2760 uouu.
1064 2697 1095 2760 et
1108 2696 1310 2761 conciliorum
1325 2695 1491 2777 actiones),
1506 2696 1597 2758 inter·

259 2799 333 2863 dum
346 2816 432 2863 mera
445 2815 502 2862 uox
514 2799 1011 2878 uerutortpe'rrecrcrocdisiuncta
1023 2817 1122 2863 aueoe
1133 2799 1343 2866 ἐνδοξότατα(
1356 2799 1473 2882 legitur
1485 2820 1513 2865 e.
1527 2796 1595 2884 gin

258 2901 381 2966 concilii
393 2901 568 2967 Chalcedon
585 2902 675 2966 acti
691 2920 741 2984 pg.
754 2899 817 2966 249
833 2903 1169 2981 μεγαλοπρεπεαάτου
1186 2902 1466 2982 ῥαιφεοενδαρίου.
1491 2899 1594 2968 claris·

258 3004 331 3070 simi
337 3007 441 3069 autem
454 3003 517 3070 uiri
529 3004 1007 3082 erantcomitesdomesticorum,
1016 3005 1229 3087 largitionum,
1238 3005 1414 3089 praefectus
1425 3001 1591 3086 praetorio,

256 3107 320 3173 alii.
336 3143 378 3154 -
392 3108 601 3188 Περίβλεπτοτ
623 3125 731 3190 graece
758 3106 939 3172 dicebantur
963 3101 1021 3172 uiri
1037 3107 1235 3189 spectabiles,
1252 3106 1383 3173 comites
1400 3107 1524 3173 scilicet
1543 3108 1592 3168 do·

257 3211 467 3285 mesticorum,
481 3209 669 3283 consulares,
683 3210 881 3295 correctores,
895 3210 1093 3295 Augustales
1107 3208 1302 3288 chartularii,
1316 3210 1380 3274 alii.
1405 3212 1470 3274 iam
1485 3209 1592 3275 eadem

257 3316 389 3394 ratione,
413 3333 475 3396 qua
496 3312 643 3396 peccatur
666 3331 683 3376 a
706 3313 899 3378 nostratibus
920 3313 954 3377 in
976 3314 1130 3389 homines,
1165 3313 1302 3394 quinon
1334 3313 1411 3377 sunt
1440 3315 1590 3387 doctores,

256 3435 317 3482 non
341 3419 414 3483 sunt
435 3417 639 3500 professores,
673 3435 734 3481 nou
758 3422 831 3482 suut
855 3418 994 3484 consules
1025 3417 1136 3494 aulici,
1171 3417 1221 3480 uel
1244 3416 1327 3481 iusto
1351 3416 1524 3481 maioribus
1548 3412 1591 3476 his

257 3522 360 3586 titulis
384 3520 528 3586 inmerito
550 3520 729 3599 adtributis,
753 3521 863 3586 eadem
885 3521 982 3605 igitur
1004 3521 1123 3584 ratione
1145 3520 1316 3603 pagarchos
1339 3521 1494 3601 strategos
1518 3517 1591 3582 alios

256 3624 396 3688 homines
430 3624 547 3688 saeculi
576 3623 631 3689 VP
656 3629 687 3689 et
716 3623 788 3689 lllli
814 3625 934 3701 t'tulis‚
957 3626 1068 3708 quibus
1092 3623 1207 3688 summi
1231 3623 1470 3706 appellabantur
1493 3619 1590 3703 magi·

256 3729 390 3805 stratus,
426 3727 459 3792 in
490 3729 648 3792 inferiores
684 3727 755 3792 illos
789 3727 931 3793 homines
965 3728 1097 3792 conlatis
1131 3727 1283 3792 adfecisse
1317 3727 1377 3791 sibi
1409 3726 1589 3790 uidebantur

257 3829 389 3896 summis
411 3829 590 3895 honoribus.
624 3831 688 3895 noli
710 3831 808 3912 igitur
830 3831 954 3914 mirari,
984 3831 1066 3913 quod
1088 3832 1164 3898 haec
1187 3833 1281 3913 atque
1303 3829 1366 3894 alia
1389 3831 1539 3895 eiusmodi
1559 3827 1587 3889 in

256 3933 474 3998 instrumentis
497 3935 572 3997 meis
595 3931 752 3998 inuenies:

361 4051 468 4117 var
490 4055 584 4136 Μηνᾷ
618 4060 664 4137 τῷ
694 4056 892 4137 περιβλέπτῳ
932 4055 1098 4137 ἐπιμελητῇ
1128 4054 1187 4139 υἱῷ
1219 4055 1386 4133 Και(αρίου
1419 4059 1477 4118 τοῦ
1505 4068 1584 4127 περὶ·

255 4156 427 4240 βλ(έπτου)
1332 4231 1334 4235 ι

361 4273 448 4348 Oxv
470 4274 491 4340 5
515 4277 755 4361 ἐκπρεπεετάτῳ
771 4277 891 4361 Παύλῳ
908 4277 967 4360 υἱῷ
984 4277 1098 4353 τοότη(
1113 4281 1375 4356 μεγαλοπρεποῡ(
1394 4274 1581 4359 [Στ]εφάνου

256 4380 356 4458 κόρου
378 4380 551 4457 γενομένου
574 4380 742 4458 παγὰρχον
766 4381 818 4445 διὰ
840 4383 896 4458 τῆ(
919 4383 972 4457 (ῆ(
994 4381 1114 4458 μητρό(
1138 4377 1497 4462 [μ]εγαλοπρεττε(τάτη(
1521 4369 1583 4438 ἀπὸ

255 4486 311 4562 τῆ(
333 4481 536 4561 Ἀρανοῖττυν
559 4481 686 4546 πόλεω(

360 4602 383 4668 O
406 4619 467 4667 xlv
497 4603 627 4667 Παῦλο(
650 4601 813 4681 ὑποῦργο(
834 4605 898 4684 τῆ(
920 4601 1053 4670 ἐνδόξου
1076 4602 1245 4680 ὑπηρεάα(
1268 4600 1454 4680 (τρατηγίου
