3376 5200
254 286 294 350 10

359 475 514 564 Quamuis
542 476 696 558 scriptura
725 493 812 539 suam
840 495 895 557 per
926 478 1071 540 naturam
1099 492 1159 540 non
1190 477 1257 540 tam
1289 474 1386 540 certis
1424 472 1568 538 finibus
1599 471 1634 534 in

253 578 336 642 certa
361 579 512 659 quaedam
536 596 650 660 genera
673 597 768 660 eaque
792 577 984 661 temporibus
1012 579 1155 662 separata
1186 577 1333 643 distribui
1363 579 1501 659 possit,
1531 594 1632 657 quam

252 680 414 759 resullae,
439 699 517 762 quae
540 681 702 745 hominum
725 680 886 744 uoluntate
910 683 942 744 et
964 679 1088 764 legibus
1114 682 1331 764 moderantur,
1362 683 1495 744 tamen
1535 680 1632 744 tanta

254 784 300 848 est
328 783 495 848 diuersitas
524 783 608 848 inter
637 783 807 865 scripturae
831 782 973 848 cursiuae
995 803 1093 866 genus
1125 782 1173 848 III
1203 790 1235 849 et
1266 784 1297 862 Ι,
1333 787 1368 848 11
1406 783 1537 846 medio
1571 797 1630 844 nos

253 906 365 971 genere
388 905 491 952 carere
514 905 602 968 posse
625 886 799 969 praefracte
823 887 1012 967 negauerim.
1059 905 1248 969 quamquam
1278 888 1315 951 de
1339 884 1529 950 sententia
1555 902 1628 946 mea

253 989 343 1070 plura
365 989 514 1073 peculiari
536 988 643 1053 libello
666 987 818 1053 debebam
841 989 941 1053 dicere
957 1026 999 1036 -
1014 990 1090 1054 haec
1113 991 1197 1054 enim
1218 989 1390 1071 praefando
1412 987 1524 1069 quasi
1543 986 1625 1050 deli-

254 1090 328 1157 bare
350 1093 535 1174 placuit-
558 1096 663 1156 tamen
684 1109 739 1174 pro
762 1096 845 1156 certo
868 1093 980 1170 habeo,
1011 1110 1082 1156 eum
1105 1095 1159 1174 qui
1181 1110 1369 1175 papyrorum
1393 1110 1491 1174 quos
1526 1089 1628 1154 modo

253 1193 430 1279 significaui
452 1193 639 1276 scripturam
661 1198 742 1260 recte
764 1196 904 1278 nouerIt,
927 1213 1051 1260 mecum
1080 1194 1240 1260 facturum
1263 1213 1340 1261 esse.
1364 1195 1489 1260 inueni
1517 1192 1623 1275 igitur

254 1298 407 1362 uncialem
421 1297 610 1378 scripturam
625 1296 801 1362 adhibitam
817 1315 894 1376 eam,
911 1317 989 1379 quae
1006 1302 1107 1362 exstat
1122 1299 1153 1361 in
1171 1298 1330 1362 codicibus
1347 1294 1623 1363 membranaceis

256 1400 481 1481 antiquissimis
515 1400 580 1466 illis
614 1418 718 1465 sacrae
751 1399 921 1483 scripturae
961 1400 1128 1484 Sinaitioo‚
1162 1400 1392 1476 Alexandrino,
1436 1401 1618 1478 Vaticano,

193 1511 194 1516 ’
254 1501 422 1584 ldphraemi
446 1500 516 1586 Syri
538 1502 650 1567 deinde
673 1502 860 1567 Dioscoridis
877 1502 1111 1568 Vindobonensi
1128 1503 1207 1568 aliis.
1226 1504 1398 1585 scripturae
1415 1503 1490 1566 hoc
1509 1518 1617 1584 genus
1666 1575 1667 1586 ἵ

257 1607 399 1687 equidem
422 1605 601 1688 putauerim
624 1604 779 1671 exstitisse
795 1605 864 1669 tum
880 1623 951 1669 cum
968 1607 999 1670 11
1014 1606 1244 1688 philologorum
1260 1605 1373 1671 studiis
1391 1610 1426 1670 et
1446 1603 1615 1670 Christia-
1666 1605 1667 1616 ³

255 1726 365 1774 norum
388 1708 546 1790 religione,
573 1726 633 1789 qua
656 1707 690 1772 in
713 1708 924 1778 conseruando
939 1708 1073 1790 pristina
1089 1709 1269 1773 sinceritate
1292 1727 1399 1774 sacrae
1416 1711 1612 1792 scripturae
1666 1739 1667 1808 p

253 1814 301 1877 usi
324 1816 408 1889 sunt,
433 1811 551 1876 factum
574 1816 634 1888 est,
658 1815 694 1875 ut
717 1811 853 1876 maxima
875 1811 1041 1894 diligentia
1063 1813 1096 1876 in
1121 1814 1260 1896 singulas
1284 1814 1406 1878 litteras
1423 1811 1613 1900 exarandus
1666 1817 1667 1860 l

258 1915 384 1995 collata,
407 1933 481 1980 ansa
504 1915 700 1996 corruptelae
724 1915 799 1980 data
821 1915 975 1979 uitaretur
1006 1915 1051 1999 (id
1084 1917 1165 1997 quod
1195 1935 1245 1981 res
1274 1917 1341 1998 ipsa
1369 1916 1462 1998 1111).
1518 1915 1608 1979 11111

258 2017 392 2083 Iliadem
413 2017 653 2096 Banlresianam,
678 2018 847 2102 Hyperidis
870 2018 1034 2094 orationes,
1057 2019 1187 2084 Homeri
1209 2018 1562 2102 fragmentaParisina
1578 2019 1608 2080 et

258 2121 449 2186 nitidissime
473 2123 505 2186 et
526 2121 737 2203 pulcherrime
760 2141 825 2188 esse
856 2128 992 2188 exarata.
1015 2141 1115 2187 nonne
1138 2124 1171 2187 in
1194 2123 1305 2205 primis
1338 2123 1463 2188 codices
1498 2138 1606 2186 sacrae

257 2226 438 2307 scripturae,
461 2227 494 2290 in
517 2245 577 2308 qua
600 2225 638 2290 ab
662 2225 794 2310 Origene
816 2231 918 2293 artem
939 2227 1081 2292 criticam
1098 2245 1163 2292 esse
1179 2226 1357 2292 factitatam
1373 2244 1470 2290 nemo
1493 2225 1608 2298 nescit,

256 2327 373 2393 litteris
396 2328 573 2393 uncialibus
603 2333 676 2393 sunt
700 2329 842 2396 exarati?
865 2347 943 2412 quae
967 2347 1038 2395 eum
1061 2330 1108 2396 ita
1130 2331 1210 2408 sint,
1243 2329 1387 2412 equidem
1420 2331 1603 2412 scripturae

256 2450 354 2514 genus
377 2433 436 2496 hoo
459 2433 580 2497 unciale
604 2435 659 2520 (β.)
686 2434 842 2498 exstitisse
864 2433 1041 2524 putauerim
1064 2434 1187 2498 circiter
1222 2434 1395 2515 saeculop.
1421 2431 1458 2497 O.
1495 2454 1528 2498 n.
1553 2428 1603 2494 III

257 2536 336 2612 tum,
361 2553 432 2599 cum
450 2541 480 2599 et
496 2533 667 2600 Christiani
684 2538 722 2601 ad
738 2538 984 2606 conseruandam
1009 2537 1176 2618 pristinam
1191 2537 1401 2601 sinceritatem
1418 2537 1599 2620 scripturae

257 2655 361 2702 sacrae
385 2636 434 2702 N?
456 2637 500 2702 Ti
522 2638 662 2702 anImum
685 2639 904 2716 aduerterunt,
935 2640 969 2703 et
982 2640 1114 2704 chartae
1137 2657 1341 2723 pergamenae
1364 2657 1440 2704 usus
1467 2635 1601 2722 peruul-

257 2744 350 2823 gatus
373 2743 420 2804 est
445 2740 499 2822 (11.
522 2740 634 2805 Euseb.
659 2743 725 2806 uita
747 2741 852 2807 Consi.
877 2741 985 2825 Magni
1007 2743 1037 2821 4,
1062 2742 1151 2825 3611)
1178 2747 1209 2806 11
1231 2742 1389 2824 gallarum
1412 2756 1597 2823 gummeos-

258 2862 317 2925 que
336 2843 381 2890 ’-
404 2847 440 2908 11
463 2843 566 2909 uerbis
589 2849 662 2910 utar
685 2847 832 2912 Martiani
861 2845 1003 2929 Capellae
1029 2846 1092 2928 (III
1115 2846 1190 2928 225)
1216 2883 1259 2893 -
1281 2845 1520 2911 commixtionis
1548 2839 1595 2923 (11

259 2946 440 3014 (11111011.
464 2949 542 3014 Rev.
566 2951 602 3014 de
623 2949 701 3040 phil.
727 2949 810 3014 1880
835 2969 943 3014 neuere
965 2949 1196 3032 metalliqueu).

361 3051 498 3116 Maxime
521 3052 626 3126 autem
642 3071 713 3133 pars
728 3071 918 3135 papyrorum
941 3069 1081 3124 meorum
1098 3057 1225 3116 exarata
1240 3053 1289 3116 est
1305 3052 1411 3116 eadem
1428 3051 1594 3134 scriptura,

259 3171 319 3234 qua
340 3170 476 3236 papyrus
498 3153 633 3218 Berolin.
658 3155 693 3238 13
717 3155 771 3220 sed
795 3157 906 3238 papyri
928 3173 1048 3238 quoque
1071 3154 1162 3219 Pauli
1191 3155 1325 3242 hypurgi
1355 3157 1403 3218 sat
1425 3153 1525 3219 multi
1547 3169 1594 3215 ex·

259 3258 345 3320 stant
368 3255 495 3320 similes.
624 3291 627 3300 ·
755 3253 756 3256 ’
984 3291 986 3300 ·

361 3359 443 3423 11111
466 3359 571 3426 antem
586 3361 818 3445 pulchritudine
835 3366 909 3427 sunt
925 3362 1036 3445 papyri
1053 3361 1230 3445 fragmenta
1245 3360 1410 3426 Philoxeni
1430 3360 1466 3443 (0
1483 3354 1591 3425 XVIII

259 3464 288 3528 D
313 3463 377 3548 13),
402 3463 515 3545 quibus
530 3467 629 3529 semel
643 3465 791 3548 inspectis
809 3466 1042 3533 Wattenbachii
1059 3467 1258 3544 sententiam,
1278 3484 1373 3546 quam
1389 3463 1482 3549 paulo
1500 3477 1591 3546 supra

260 3568 572 3633 commemorauimus
599 3570 802 3654 (AuleitungI
826 3571 856 3636 S.
879 3571 946 3653 21),
970 3573 1071 3635 totam
1093 3589 1245 3647 corruere,
1277 3569 1508 3635 Gardthauseni
1542 3564 1587 3647 (P.

262 3672 316 3739 Gr.
339 3690 390 3754 pg.
416 3670 492 3756 173)
517 3676 623 3737 autem
645 3675 730 3739 recte
752 3692 783 3739 se
807 3674 921 3740 habere
944 3674 1150 3757 intellegItur.

776 3990 1081 3997 ———-—
