3372 5216
883 773 932 869 V.

345 948 461 1027 Quanti
491 950 641 1014 momenti
670 949 735 1012 sint
763 949 889 1032 papyri,
925 949 1050 1033 egregio
1082 949 1222 1031 exemplo
1250 947 1282 1012 in
1305 946 1345 1012 iis
1368 965 1447 1030 quae
1470 965 1583 1012 secun-

241 1055 293 1117 tur
322 1053 496 1119 uideamus,
534 1051 639 1136 agitur
670 1055 753 1118 enim
783 1054 821 1117 de
850 1052 1093 1131 indictionibus,
1132 1052 1170 1118 da
1201 1051 1314 1134 quibus
1344 1050 1461 1116 multas
1485 1069 1582 1133 quae·

243 1145 361 1220 stiones
384 1154 562 1238 implicatas
586 1174 651 1220 8888
674 1155 836 1221 1881118188
858 1173 949 1220 nemo
973 1155 1088 1241 nescit3
1124 1156 1163 1222 cf.
1192 1153 1359 1237 inprimis
1382 1155 1419 1219 de
1442 1153 1583 1238 Savigny

241 1259 403 1338 indictio,
429 1260 478 1324 cui
502 1257 614 1324 1118188
639 1265 687 1323 881
710 1259 891 1324 zeitschrift
914 1258 965 1323 1111
988 1257 1232 1343 geschichtliche
1250 1257 1582 1325 Rechtswissenschaft

242 1378 268 1425 a.
295 1361 377 1426 1828
400 1381 429 1443 p.
454 1362 517 1428 375
540 1380 581 1426 88.
612 1361 694 1444 quod
721 1361 847 1444 quidem
876 1363 1059 1444 opusculum
1088 1361 1257 1446 repetitum
1287 1365 1333 1427 881
1361 1362 1392 1426 18
1422 1361 1503 1427 libro
1532 1363 1583 1425 cui
1683 1439 1684 1446 ἵ

241 1465 422 1529 inscribitur
446 1464 642 1530 Vermischte
665 1462 822 1529 Schriften
845 1465 885 1548 Π,
909 1485 938 1547 p.
965 1465 1042 1550 1303
1076 1465 1133 1530 Th.
1157 1466 1332 1531 Mommsen
1355 1465 1390 1530 in
1412 1465 1502 1530 Actis
1525 1464 1583 1528 lit·
1683 1515 1684 1550 ,

240 1569 380 1632 terarum
403 1569 562 1632 societatis
586 1567 654 1632 Sar.
678 1569 737 1633 vol.
762 1569 777 1632 I
801 1569 838 1632 cl.
863 1568 1033 1650 phil-hist.
1056 1587 1085 1635 a.
1108 1566 1192 1636 1850
1212 1587 1242 1651 p.
1258 1569 1321 1634 578
1338 1587 1373 1646 s.,
1398 1573 1433 1632 81
1456 1569 1520 1632 iam
1542 1570 1582 1632 de
1683 1555 1684 1574 ¹

241 1670 313 1736 aliis
342 1673 474 1738 1888881.
506 1673 539 1737 id
568 1671 692 1754 quidem
722 1690 777 1755 pro
805 1677 888 1738 certo
911 1673 1054 1738 habitum
1078 1674 1126 1739 881
1150 1671 1330 1738 indictionis
1353 1672 1490 1738 Graecae
1512 1671 1582 1734 siue

241 1772 603 1858 Constantinopolitanae
626 1794 743 1840 annum
773 1775 890 1860 cepisse
919 1776 1045 1841 initium
1066 1795 1086 1841 a
1108 1775 1159 1840 die
1184 1777 1212 1839 1.
1236 1777 1352 1840 mensis
1376 1773 1580 1858 Septembris,

240 1878 398 1943 Romanae
422 1897 440 1942 8
469 1876 519 1942 (118
549 1876 600 1942 25.
624 1880 742 1943 mensis
766 1878 966 1959 Decembris,
999 1882 1037 1944 81
1058 1879 1218 1944 Β8(188881
1243 1897 1337 1961 quam
1359 1879 1468 1943 (118881
1489 1894 1581 1961 prae-

241 1987 371 2060 teream,
396 2000 474 2064 quae
498 2000 516 2046 a
539 1981 589 2046 die
612 1981 654 2045 24
677 1981 793 2048 mensis
811 1980 1007 2064 Septembris
1030 1981 1141 2065 incipit
1164 1982 1203 2047 cf.
1221 1981 1336 2047 Ideleri
1353 1981 1580 2064 chronologiae

241 2085 302 2149 881.
326 2084 369 2150 11.
393 2104 423 2166 p.
439 2085 513 2150 363.
538 2087 601 2149 iam
624 2104 695 2150 cum
718 2103 905 2168 papyrorum
926 2085 1100 2169 Pachymii,
1125 2087 1161 2150 (18
1184 2085 1296 2166 quibus
1319 2103 1414 2167 supra
1436 2085 1580 2168 pluribus

240 2189 372 2271 egimus,
396 2187 509 2253 notitia
531 2188 607 2252 81118
630 2187 729 2253 (188118
752 2188 855 2266 ficret,
885 2189 1093 2255 indictionum
1116 2189 1254 2254 numeris
1277 2188 1402 2254 collatis
1424 2207 1498 2254 cum
1520 2207 1576 2252 nu·

240 2294 335 2357 meris
351 2311 502 2357 annorum
521 2292 745 2374 imperatorum
768 2292 906 2358 difficilis
931 2293 1070 2376 quaestio
1093 2294 1232 2378 81811111;
1256 2310 1332 2376 quas
1349 2292 1578 2374 8881881111-

237 2397 369 2460 88118188
386 2412 404 2459 8
420 2394 591 2461 Schmidtio
615 2398 669 2481 qui
692 2398 806 2463 scribas
833 2399 986 2482 (opusculi
1001 2399 1115 2483 pagina
1130 2398 1194 2463 319
1207 2398 1239 2480 8)
1263 2398 1373 2462 1111888
1396 2399 1572 2462 8181881888

238 2502 292 2562 881
315 2516 466 2563 annorum
491 2502 546 2563 881
570 2499 777 2563 indictionum
800 2517 945 2564 numeros
969 2502 1163 2583 opinabatur,
1195 2500 1325 2565 minime
1348 2518 1414 2567 esse
1436 2499 1576 2564 sublatas

239 2600 413 2665 rectissime
446 2601 545 2666 sensit
574 2602 626 2667 W.
656 2603 774 2667 Brunet
804 2602 841 2666 de
869 2603 975 2668 Presle
1012 2604 1050 2668 81.
1080 2604 1208 2670 11811888
1237 2606 1268 2668 81
1298 2603 1436 2668 1111118118
1469 2605 1527 2680 18,
1556 2604 1577 2667 2

238 2724 268 2786 p.
285 2703 359 2781 259,
382 2701 461 2768 260:
491 2704 645 2771 .....La
668 2708 753 2787 perte
776 2705 806 2770 la
830 2707 901 2787 plus
923 2706 1112 2790 regrettablc
1135 2706 1283 2772 88188118
1306 2707 1398 2771 (1818
1421 2706 1492 2771 (1818
1515 2725 1579 2771 888

238 2825 293 2888 pas
323 2811 393 2872 tant
422 2827 500 2890 pour
529 2807 605 2872 11181
634 2808 755 2874 188888
784 2809 903 2891 precise
933 2812 971 2875 de
996 2811 1174 2876 cecontrat
1198 2809 1307 2891 coqui
1334 2828 1412 2876 nous
1439 2810 1577 2892 importe
1684 2889 1685 2910 Χ

238 2928 315 2993 peu,
351 2930 409 2993 que
431 2929 508 2993 pour
530 2912 618 2977 avoir
639 2931 682 2978 un
706 2914 842 2995 exemplo
865 2916 902 2978 de
925 2913 996 2995 plus
1027 2914 1069 2978 du
1100 2914 1187 2997 cyclo
1218 2914 1269 2978 (188
1298 2913 1486 2991 indictione,
1522 2913 1576 2995 qui
1684 2915 1685 2930 ¹

238 3014 344 3079 devait
365 3033 386 3098 y
409 3016 474 3079 8118
496 3014 631 3099 exprime
658 3033 732 3081 avec
760 3017 881 3082 l'annee
913 3017 954 3082 dn
984 3016 1088 3102 regne.
1128 3015 1172 3081 Or
1201 3016 1283 3082 cette
1314 3016 1578 3099 correspoudance

238 3117 380 3201 presente
410 3137 463 3182 881
493 3118 641 3201 quelques
671 3127 872 3185 monuments
903 3120 956 3185 des
986 3120 1232 3205 ir'rtguliarites,
1267 3121 1343 3184 dont
1372 3119 1394 3183 il
1418 3119 1498 3184 n'est
1520 3139 1576 3202 pas

237 3222 329 3288 188118
353 3221 391 3285 (18
413 3239 446 3288 88
467 3221 578 3287 rendre
603 3226 735 3304 compte.

342 3324 496 3406 Equidem
518 3332 674 3390 sescentos
696 3327 778 3391 locos
801 3326 910 3391 inueni
933 3327 966 3391 in
988 3327 1117 3411 papyris
1140 3327 1229 3405 meis,
1253 3327 1367 3408 quibus
1391 3331 1519 3410 apparet

343 3447 371 3509 1.
395 3463 456 3510 888
478 3464 533 3528 per
555 3464 663 3511 omnes
685 3447 809 3528 imperii
830 3448 997 3530 Byzantini
1019 3455 1125 3531 partes
1147 3447 1352 3514 indictionem
1375 3445 1579 3513 1118818188-

239 3567 308 3614 cam
331 3568 386 3614 888
410 3549 787 3633 Constantinopolitanam
810 3552 842 3615 in
866 3570 924 3616 usu
947 3550 1052 3631 fuisse,
1075 3553 1172 3618 immo

342 3669 371 3733 2.
396 3668 448 3733 881
470 3688 525 3753 per
546 3670 639 3734 unius
662 3668 833 3736 dioeceseos
855 3675 960 3755 partes
989 3671 1079 3737 uaria
1107 3671 1315 3738 indictionum
1342 3691 1456 3756 genera
1484 3672 1577 3737 adhi-

237 3771 304 3836 bita
326 3791 393 3837 esse
410 3772 449 3836 81.
465 3772 624 3856 Papyrum
641 3792 745 3838 meum
769 3773 880 3838 Oxvr
903 3774 1086 3853 δωδεκάτη(
1102 3775 1294 3841 ἰνδικτιῶνοε
1311 3775 1359 3840 ἐπ’
1376 3775 1574 3855 Ἀρεινοῖτου

240 3879 294 3958 (88.
317 3879 433 3957 νομοῦ)
467 3877 619 3956 ἐπαρχία(
641 3877 817 3956 Ἀρκαδίαε,
844 3878 1022 3944 Parisinum
1043 3877 1119 3944 XXI
1130 3878 1181 3945 bis
1210 3879 1404 3947 ἰνδικτιῶνοε
1427 3881 1462 3945 ἐν
1484 3881 1573 3963 κώμῃ

238 3981 332 4045 Θινόε
355 3981 391 4044 ἐκ
414 3981 555 4058 Θηβαίου
578 3983 740 4061 ἐπαρχίας.

339 4101 413 4167 Fuit
429 4101 513 4165 enim
529 4119 608 4166 saec.
626 4101 670 4166 VI
687 4101 813 4184 quidem
829 4103 861 4167 et
877 4100 938 4165 VH
960 4101 1086 4167 ineunte
1109 4101 1289 4168 indictionis
1311 4122 1409 4188 genus
1425 4101 1573 4170 Arsinoi-

235 4205 336 4272 118881
353 4206 559 4288 (ἰνδικτιῶνοε
576 4204 623 4270 ἐπ’
644 4200 852 4286 Ἀρεινοῒτου)
874 4207 961 4271 88188
977 4207 1131 4271 18181888
1148 4224 1227 4272 8888
1243 4203 1354 4288 61834)
1374 4213 1440 4271 8181
1455 4205 1573 4270 mensis

236 4307 362 4390 Payni
385 4309 469 4373 dies
491 4308 572 4385 XV;
595 4307 656 4374 1811
677 4309 858 4374 indictionis
882 4328 980 4393 genus
995 4308 1198 4378 Theoaloum
1222 4310 1309 4376 cuius
1332 4309 1460 4374 initium
1475 4309 1574 4375 fuisse

341 4497 372 4564 ³⁴)
391 4497 443 4551 alio
462 4513 531 4550 anno
550 4496 594 4564 (cf.
613 4497 683 4561 Dr.)
702 4497 813 4551 initium
831 4496 939 4551 uidetur
958 4497 1040 4552 181888
1052 4498 1143 4568 epiphi
1155 4501 1254 4553 mansis
1267 4499 1323 4554 dIes
1334 4497 1414 4567 XIII,
1433 4515 1504 4554 anno
1521 4504 1573 4554 487

236 4601 260 4653 p.
274 4582 302 4638 C.
315 4601 340 4638 n.
360 4583 465 4652 pachon
484 4584 584 4638 mensis
602 4583 659 4638 dies
677 4582 756 4637 XXII
775 4585 829 4652 (uel
847 4583 992 4651 XXVIII);
1011 4585 1045 4640 81.
1064 4601 1125 4655 pap.
1143 4586 1289 4640 maximum
1307 4586 1386 4641 illum
1404 4601 1430 4654 p.
1448 4591 1481 4639 41
1501 4601 1575 4639 com-

235 4673 423 4728 memoratum.
