3372 5216
224 277 268 346 54

323 474 473 548 ομολογιυ
495 467 737 556 respicecerem]
767 471 852 534 κυρία
879 472 1004 552 quidem
1027 472 1178 538 sehabet
1200 471 1562 552 formaprcomccpevou

226 591 305 655 quae
333 573 426 656 paulo
455 572 540 638 infra
569 575 697 638 exarata
727 576 791 650 est;
829 573 884 638 sed
914 575 989 655 quid
1022 574 1060 639 do
1087 581 1260 654 μιεθωεθαι
1287 573 1490 640 iudicandum
1517 576 1560 638 sit

225 675 396 742 uideamus.
433 677 549 741 etenim
583 677 639 741 ant
672 676 792 741 librarii
826 676 906 740 uitio
938 676 1091 742 omissum
1113 679 1163 743 est
1183 679 1318 743 alterum
1340 699 1393 757 με,
1416 680 1497 760 quod
1520 679 1561 742 ad

224 779 518 860 reduplicationem,
551 781 796 861 quaeremur,
829 779 981 860 pertinet,
1015 782 1071 844 eut
1093 799 1130 844 ex
1151 782 1284 845 dialecto
1312 783 1487 846 excusatur.
1522 781 1563 845 cf.

224 899 275 964 pg.
291 879 334 946 65
354 881 431 946 haec
452 883 570 965 scripsi,
595 882 670 962 qnia
690 880 840 945 sescentis
860 881 937 946 locis
960 882 1110 962 ὁμολογῶ
1133 901 1205 947 oum
1220 901 1285 948 aec.
1301 902 1327 948 c
1342 882 1401 948 inf.
1416 883 1566 947 coniunc-

224 989 294 1049 tum
315 984 350 1049 iu
370 985 590 1049 instrumentis
611 983 692 1048 meis
714 985 819 1048 inueni
842 986 874 1048 et
896 985 1046 1064 ὁμολογῶ
1068 1007 1106 1065 με
1128 1005 1191 1050 uuo
1213 987 1376 1069 tamquam
1398 985 1511 1068 spiritu
1529 987 1564 1050 et

225 1095 332 1153 tenore
352 1089 511 1171 prolatum
533 1105 600 1151 esse
621 1087 775 1152 intellexi.

328 1191 367 1255 In
399 1192 439 1256 iis
472 1209 550 1272 quae
578 1195 726 1256 secuntur
756 1190 905 1256 librarius
937 1209 971 1256 se
1003 1191 1108 1274 ipsum
1141 1193 1288 1267 correxit,
1322 1211 1396 1257 cnm
1428 1192 1565 1257 scribere

225 1296 322 1360 uellet
349 1315 551 1373 ανευτγμενον
578 1315 623 1359 ειε
649 1315 758 1371 νοτον,
780 1295 836 1358 sed
865 1294 1011 1359 uocabuli
1036 1295 1136 1361 νότον
1163 1296 1305 1360 litteram
1333 1296 1470 1378 primam
1499 1297 1565 1360 iam

227 1405 387 1465 exaratam
410 1397 564 1462 transfixit
586 1402 658 1478 λιβα
679 1397 811 1475 addidit,
835 1399 881 1462 ita
901 1403 940 1462 ut
961 1417 1045 1462 nuuc
1065 1399 1193 1480 quidem
1207 1399 1284 1464 haec
1299 1400 1437 1463 exstent:
1460 1419 1562 1464 ανεω-

226 1523 342 1582 γμενον
365 1523 410 1567 ειε
431 1523 450 1567 ν
472 1507 554 1582 λιβα.

251 1641 254 1646 -
327 1599 542 1689 ἀνεῳγμένον]
570 1604 691 1687 plenius
714 1609 808 1687 atque
831 1604 948 1669 clarius
971 1605 1086 1669 dicitur
1106 1604 1141 1669 in
1163 1622 1279 1687 papyro
1301 1603 1447 1669 Parisino
1475 1627 1563 1670 ovor-

227 1729 302 1786 οκτη
325 1730 345 1787 η
368 1714 451 1786 θυρα
476 1709 529 1789 (=
545 1710 713 1792 ἀνέῳκται)
746 1709 786 1772 cf.
815 1727 887 1791 pap.
911 1709 1005 1774 Vind.
1035 1708 1092 1774 26:
1126 1709 1211 1793 οἰκίᾳ
1296 1711 1501 1793 τεθυρωμένᾳ
1531 1709 1566 1774 έκ

225 1815 285 1876 τοῦ
308 1810 374 1876 ἀπὸ
395 1811 495 1876 νότου
518 1813 570 1874 καὶ
592 1815 695 1890 βορρᾶ
717 1813 834 1890 μέρουε
863 1813 894 1874 et
921 1829 957 1874 ea
983 1831 1062 1892 quae
1084 1811 1325 1875 Melefematnm
1348 1812 1567 1877 vindobonen-

227 1914 310 1977 sium
335 1911 478 1994 (Wiener
500 1911 644 1994 Studien)
670 1914 731 1977 vol.
753 1913 813 1976 III.
836 1915 902 1994 ρ.’1
927 1914 1091 1978 adnotani:
1122 1915 1176 1980 οέκ
1196 1936 1223 1979 τ.
1247 1915 1363 1980 ἀπὸν.
1387 1917 1439 1981 καὶ
1461 1921 1489 1995 β.
1514 1918 1566 1995 μέ-

227 2039 306 2097 ρουε
326 2017 371 2082 ist
393 2016 449 2080 auf
467 2018 518 2082 ein
541 2019 624 2096 θύρα
646 2037 684 2081 nn
706 2017 871 2095 berichem
905 2019 1035 2083 welches
1063 2020 1097 2082 in
1127 2020 1201 2082 dem
1223 2019 1334 2084 Worte
1360 2021 1566 2102 τεθυρωμένῃ

228 2121 389 2186 euthalten
405 2123 448 2186 ist
466 2123 530 2205 rgl.
543 2122 603 2186 den
619 2121 832 2186 demotischen
845 2123 923 2186 Text
937 2124 1043 2205 portes
1058 2123 1113 2203 qui
1128 2122 1171 2186 du
1186 2122 1255 2187 eote
1269 2127 1313 2186 dn
1327 2123 1386 2186 sud
1401 2140 1442 2186 au
1457 2121 1567 2188 norun.

329 2227 370 2290 τό
391 2225 589 2309 ὑπάρχοντα]
621 2225 654 2287 iu
682 2224 787 2288 media
812 2226 985 2308 graecitate
1017 2225 1197 2307 significare
1230 2226 1311 2290 bona
1343 2224 1565 2306 fortunamque

228 2329 307 2393 satis
329 2329 466 2406 constat,
498 2347 687 2411 quamquam
710 2328 872 2393 obseruari
895 2330 1000 2410 potest
1021 2331 1086 2392 iam
1108 2347 1188 2393 saec.
1213 2347 1241 2392 a.
1264 2327 1299 2394 C.
1322 2347 1353 2392 n.
1378 2327 1411 2391 H
1432 2329 1566 2392 eundem

229 2431 374 2496 uocabnli
408 2449 500 2494 usum
532 2431 629 2495 fuisse
661 2431 700 2494 cf.
730 2451 800 2512 pap.
830 2433 903 2497 Par.
934 2432 1020 2513 (anni
1054 2430 1114 2498 157
1137 2450 1164 2496 a.
1188 2430 1223 2496 O.
1245 2434 1290 2512 n)
1321 2431 1401 2495 XIII
1434 2431 1490 2494 lin.
1525 2431 1564 2493 12

228 2535 432 2611 κυριευούεηε
454 2540 543 2617 κοινῇ
565 2538 632 2597 τῶν
653 2534 882 2612 ὑπαρχόντων;
905 2535 961 2598 lin.
977 2535 1022 2598 20
1041 2537 1082 2599 τὰ
1101 2537 1365 2615 καταλελειμμένα
1378 2535 1567 2614 ὑπάρχοντα

228 2637 330 2703 Paris
352 2635 444 2698 XXII
471 2653 551 2700 saec.
574 2637 605 2698 II
629 2654 657 2700 a.
679 2634 712 2699 0.
736 2655 766 2700 n.
797 2638 837 2701 τά
860 2637 890 2702 δ’
911 2638 1034 2703 ἐκείνου
1056 2639 1243 2717 ὑπάρχοντα
1271 2638 1311 2702 cf.
1335 2637 1392 2703 lin.
1416 2639 1466 2716 17,
1495 2656 1565 2722 pap.

229 2740 412 2804 Leidensem
434 2741 466 2804 Μ
489 2739 546 2804 eol.
570 2738 669 2804 211υ.
695 2739 734 2802 12
757 2740 889 2823 (saeculi
911 2742 942 2805 II
964 2759 993 2806 a.
1015 2738 1049 2804 Ο.
1073 2743 1131 2822 ιι).

334 2844 369 2907 έν
390 2848 428 2925 τῇ
452 2844 586 2926 δευτέρᾳ
607 2840 709 2929 ετέγῃ]
733 2845 837 2920 ετέγαι
859 2845 881 2907 1.
898 2865 925 2908 e.
949 2845 1216 2928 contignationem
1237 2863 1317 2927 quae
1338 2861 1398 2908 uox
1420 2844 1564 2926 frequens

232 2948 280 3011 est
301 2946 335 3010 in
356 2947 421 3010 Iur.
443 2944 532 3010 Cous.
556 2944 683 3010 Graecis
706 2947 746 3010 cf.
770 2948 976 3027 ετεγονόμιον
997 2948 1019 3010 1.
1044 2966 1070 3012 e.
1093 2950 1230 3028 pretium
1251 2946 1421 3012 conductae
1443 2949 1563 3012 domus.

333 3052 412 3130 μετὰ
434 3051 554 3115 παντόε
575 3055 634 3114 τοῦ
657 3046 793 3136 δικαίου]
822 3051 897 3114 haec
923 3051 1058 3114 formula
1087 3053 1120 3114 et
1148 3052 1180 3113 iu
1208 3068 1279 3133 pap.
1301 3050 1457 3115 Parisinis
1481 3054 1514 3116 et
1534 3053 1566 3115 in

232 3153 311 3219 meis
339 3153 520 3234 saepissime
548 3154 681 3217 occurrit
710 3153 751 3218 cf.
780 3172 853 3234 pap.
877 3153 977 3219 Paris,
1000 3153 1060 3218 XX
1087 3154 1143 3218 lin.
1166 3153 1225 3217 27:
1259 3155 1359 3219 οἰκία(
1386 3154 1567 3234 ὁλοκλήρου

232 3261 310 3338 μετὰ
332 3260 452 3323 παντὸε
475 3258 571 3333 αὐτῆς
592 3263 652 3322 τοῦ
674 3258 798 3322 δικαίου
824 3256 945 3322 (var.
967 3259 1151 3336 κηπίον
1169 3260 1247 3336 μετὰ
1269 3262 1404 3323 τῶν
1422 3260 1568 3336 δένδρων

232 3363 284 3426 καὶ
306 3363 426 3426 παντὸε
448 3361 572 3425 δικαίου
587 3359 640 3440 ἐφ’
654 3360 731 3425 όεον
745 3361 837 3438 χρόν,
860 3361 959 3425 Βόίε
982 3381 1124 3439 αρουραε
1147 3382 1223 3425 οεον
1245 3360 1321 3444 [cerr
1343 3380 1421 3440 μετα
1435 3356 1567 3444 παντοε]

931 3461 1052 3550 [curuo]
1070 3486 1127 3528 του
1143 3471 1267 3529 δικαιου
1283 3461 1340 3547 ε[φ
1361 3484 1438 3528 ocor
1454 3458 1568 3548 χρον,].

234 3569 319 3633 recte
345 3569 444 3650 igitur
473 3569 602 3650 egerunt
630 3567 763 3630 editores
790 3566 946 3644 Parisini‚
980 3566 1052 3631 Not.
1077 3569 1110 3630 et
1132 3567 1217 3630 Extr.
1240 3586 1270 3648 p.
1293 3567 1358 3630 475
1384 3566 1569 3630 uocabulum

235 3674 357 3739 δίκαιον
384 3689 457 3752 per:
491 3669 592 3734 ndroit
621 3670 659 3733 de
687 3668 841 3751 propridle
868 3668 920 3733 uel
948 3671 1032 3734 droit
1058 3671 1099 3734 du
1124 3668 1337 3751 proprieteuru
1367 3669 1569 3750 interpretati

234 3774 424 3840 constructio
446 3775 552 3838 autem
574 3774 707 3837 ἐνοίκια·
738 3772 942 3856 ἀνεῳγμένον
964 3773 1009 3837 εἰε
1031 3774 1102 3852 λίβα
1125 3774 1161 3838 ἐν
1182 3777 1221 3854 τῇ
1245 3775 1379 3857 δευτέρᾳ
1401 3775 1493 3857 ετέγῃ
1515 3771 1570 3836 τό·

235 3901 298 3945 πον
321 3880 377 3944 ἕνα
399 3877 600 3962 ἀνεῳγμένον
622 3876 666 3940 ric
694 3880 811 3955 βορρᾶ,
846 3893 1036 3957 quamquem
1064 3895 1221 3940 summam
1250 3877 1353 3958 prodIt
1381 3875 1569 3950 barbariem,

235 3985 341 4046 tamen
370 3980 518 4063 explicari
547 3983 659 4062 potest.
693 3981 812 4044 ένοίκια
840 3979 926 4043 enIm
957 3981 1018 4044 duo
1046 3983 1134 4056 sunt,
1168 3979 1343 4061 exquibus
1371 3999 1470 4044 uuum
1498 3997 1570 4044 cum

235 4088 347 4168 uergat
370 4085 409 4148 ad
433 4084 636 4164 occidentem,
659 4086 728 4146 tum
750 4084 783 4146 in
805 4086 939 4147 secunda
963 4083 1053 4146 domo
1075 4088 1123 4148 est
1145 4083 1279 4147 alterum
1303 4080 1471 4165 (ἐνοίκιον)
1487 4081 1568 4163 quod

237 4189 361 4273 quidem
383 4187 486 4268 uergit
515 4187 554 4250 ad
582 4185 820 4269 septentriones.
857 4203 936 4267 quae
966 4204 1038 4249 cum
1067 4187 1115 4250 ita
1143 4185 1222 4267 sint,
1256 4186 1387 4267 pluralis
1421 4202 1569 4277 numerus

238 4293 356 4359 ἐνοίκια
384 4289 515 4373 perferri
542 4292 655 4370 potest.
690 4306 770 4370 quae
796 4287 924 4369 quidem
952 4287 1043 4353 modo
1070 4289 1143 4366 diri,
1166 4289 1226 4353 hoc
1247 4289 1408 4354 schemate
1429 4287 1568 4353 adhibito

238 4397 370 4460 fortasse
392 4394 493 4475 magIs
516 4392 678 4474 perspicua
701 4393 794 4456 erunt

458 4502 490 4573 a)

521 4645 1082 4664 ...........................
1106 4599 1309 4681 ἀνεῳγμένον
1331 4599 1376 4662 cic
1397 4599 1469 4678 λίβα

517 4701 552 4763 ἐν
573 4704 610 4780 τῇ
634 4700 767 4780 δευτέρᾳ
789 4701 880 4780 ετέγῃ
903 4700 1006 4764 τόπον
1028 4702 1085 4764 ένα
1107 4700 1310 4783 ἀνεῳγμένον
1332 4701 1377 4766 oc
1399 4705 1502 4779 βορρᾶ
1513 4697 1553 4780 ⁴⁰)
