<?xml version="1.0" encoding="UTF-8"?>
<!DOCTYPE html PUBLIC "-//W3C//DTD XHTML 1.0 Transitional//EN"
    "http://www.w3.org/TR/xhtml1/DTD/xhtml1-transitional.dtd">
<html xmlns="http://www.w3.org/1999/xhtml" xml:lang="en" lang="en">
 <head>
  <title>
</title>
<meta http-equiv="Content-Type" content="text/html;charset=utf-8" />
  <meta name='ocr-system' content='tesseract 3.04.00' />
  <meta name='ocr-capabilities' content='ocr_page ocr_carea ocr_par ocr_line ocrx_word'/>
</head>
<body>
  <div class='ocr_page' id='page_1' title='image "./prolegomenaadpa00wessgoog/prolegomenaadpa00wessgoog_0056.png"; bbox 0 0 3372 5216; ppageno 0'>
   <div class='ocr_carea' id='block_1_1' title="bbox 1393 269 1435 334">
    <p class='ocr_par' dir='ltr' id='par_1_1' title="bbox 1393 269 1435 334">
     <span class='ocr_line' id='line_1_1' title="bbox 1393 269 1435 334; baseline 0.024 -1"><span class='ocrx_word' id='word_1_1' title='bbox 1393 269 1435 334; x_wconf 84' lang='lat'>43</span> 
     </span>
    </p>
   </div>
   <div class='ocr_carea' id='block_1_2' title="bbox 90 456 1446 4680">
    <p class='ocr_par' dir='ltr' id='par_1_2' title="bbox 90 456 1440 2299">
     <span class='ocr_line' id='line_1_2' title="bbox 90 456 1437 542; baseline 0 -21"><span class='ocrx_word' id='word_1_2' title='bbox 90 457 138 522; x_wconf 89' lang='lat' dir='ltr'>tis</span> <span class='ocrx_word' id='word_1_3' title='bbox 168 456 340 534; x_wconf 87' lang='lat' dir='ltr'>LXXHae‚</span> <span class='ocrx_word' id='word_1_4' title='bbox 375 456 427 520; x_wconf 93' lang='lat' dir='ltr'>uel</span> <span class='ocrx_word' id='word_1_5' title='bbox 450 456 504 538; x_wconf 91' lang='lat' dir='ltr'>qui</span> <span class='ocrx_word' id='word_1_6' title='bbox 525 474 586 522; x_wconf 90' lang='lat' dir='ltr'>uon</span> <span class='ocrx_word' id='word_1_7' title='bbox 610 459 699 521; x_wconf 85' lang='lat' dir='ltr'>arant</span> <span class='ocrx_word' id='word_1_8' title='bbox 722 474 758 521; x_wconf 91' lang='lat' dir='ltr'>ea</span> <span class='ocrx_word' id='word_1_9' title='bbox 779 456 934 538; x_wconf 90' lang='lat' dir='ltr'>puritate,</span> <span class='ocrx_word' id='word_1_10' title='bbox 969 475 1047 539; x_wconf 88' lang='lat' dir='ltr'>quaa</span> <span class='ocrx_word' id='word_1_11' title='bbox 1080 459 1150 542; x_wconf 90' lang='lat' dir='ltr'>lege</span> <span class='ocrx_word' id='word_1_12' title='bbox 1184 458 1286 523; x_wconf 88' lang='lat' dir='ltr'>fuerat</span> <span class='ocrx_word' id='word_1_13' title='bbox 1318 457 1437 523; x_wconf 88' lang='lat' dir='ltr'>consti-</span> 
     </span>
     <span class='ocr_line' id='line_1_3' title="bbox 91 560 1434 644; baseline 0.001 -20"><span class='ocrx_word' id='word_1_14' title='bbox 91 562 178 638; x_wconf 88' lang='lat' dir='ltr'>tuta,</span> <span class='ocrx_word' id='word_1_15' title='bbox 201 562 429 625; x_wconf 90' lang='lat' dir='ltr'>incrementum</span> <span class='ocrx_word' id='word_1_16' title='bbox 452 560 533 641; x_wconf 92' lang='lat' dir='ltr'>quod</span> <span class='ocrx_word' id='word_1_17' title='bbox 556 560 725 626; x_wconf 85' lang='lat' dir='ltr'>uocabatur</span> <span class='ocrx_word' id='word_1_18' title='bbox 746 560 880 644; x_wconf 88' lang='lat' dir='ltr'>paudere</span> <span class='ocrx_word' id='word_1_19' title='bbox 896 560 1038 627; x_wconf 88' lang='lat' dir='ltr'>debebat.</span> <span class='ocrx_word' id='word_1_20' title='bbox 1076 560 1156 625; x_wconf 86' lang='lat' dir='ltr'><strong>Auri</strong></span> <span class='ocrx_word' id='word_1_21' title='bbox 1185 562 1283 626; x_wconf 80' lang='lat' dir='ltr'>librae</span> <span class='ocrx_word' id='word_1_22' title='bbox 1312 562 1434 644; x_wconf 88' lang='lat' dir='ltr'>partem</span> 
     </span>
     <span class='ocr_line' id='line_1_4' title="bbox 91 663 1435 746; baseline 0.001 -18"><span class='ocrx_word' id='word_1_23' title='bbox 91 663 299 728; x_wconf 91' lang='lat' dir='ltr'>millesimam</span> <span class='ocrx_word' id='word_1_24' title='bbox 321 663 502 729; x_wconf 89' lang='lat' dir='ltr'>miliarense</span> <span class='ocrx_word' id='word_1_25' title='bbox 525 666 717 743; x_wconf 80' lang='grc' dir='ltr'>μιλιαρήειον</span> <span class='ocrx_word' id='word_1_26' title='bbox 739 664 791 728; x_wconf 92' lang='lat' dir='ltr'>uel</span> <span class='ocrx_word' id='word_1_27' title='bbox 814 665 997 744; x_wconf 81' lang='lat' dir='ltr'>prbuoptcrov</span> <span class='ocrx_word' id='word_1_28' title='bbox 1021 663 1185 730; x_wconf 71' lang='lat' dir='ltr'>adraecis</span> <span class='ocrx_word' id='word_1_29' title='bbox 1209 664 1337 746; x_wconf 91' lang='lat' dir='ltr'>dictum,</span> <span class='ocrx_word' id='word_1_30' title='bbox 1362 665 1435 732; x_wconf 93' lang='lat' dir='ltr'>soli-</span> 
     </span>
     <span class='ocr_line' id='line_1_5' title="bbox 92 765 1436 849; baseline 0.001 -19"><span class='ocrx_word' id='word_1_31' title='bbox 92 766 191 848; x_wconf 90' lang='lat' dir='ltr'>dique</span> <span class='ocrx_word' id='word_1_32' title='bbox 215 765 299 831; x_wconf 88' lang='lat' dir='ltr'>aurai</span> <span class='ocrx_word' id='word_1_33' title='bbox 321 768 443 848; x_wconf 87' lang='lat' dir='ltr'>partem</span> <span class='ocrx_word' id='word_1_34' title='bbox 465 765 625 831; x_wconf 86' lang='lat' dir='ltr'>XXIVam</span> <span class='ocrx_word' id='word_1_35' title='bbox 647 766 760 849; x_wconf 92' lang='lat' dir='ltr'>siliqua</span> <span class='ocrx_word' id='word_1_36' title='bbox 782 768 849 832; x_wconf 88' lang='lat' dir='ltr'>siue</span> <span class='ocrx_word' id='word_1_37' title='bbox 872 768 1019 846; x_wconf 87' lang='grc' dir='ltr'>κεράτιον</span> <span class='ocrx_word' id='word_1_38' title='bbox 1042 768 1178 832; x_wconf 87' lang='lat' dir='ltr'>ualebat.</span> <span class='ocrx_word' id='word_1_39' title='bbox 1219 767 1304 848; x_wconf 79' lang='lat' dir='ltr'>Quae</span> <span class='ocrx_word' id='word_1_40' title='bbox 1339 768 1436 833; x_wconf 80' lang='lat' dir='ltr'>librae</span> 
     </span>
     <span class='ocr_line' id='line_1_6' title="bbox 92 869 1437 952; baseline 0 -18"><span class='ocrx_word' id='word_1_41' title='bbox 92 871 201 952; x_wconf 88' lang='lat' dir='ltr'>partas</span> <span class='ocrx_word' id='word_1_42' title='bbox 229 887 302 936; x_wconf 88' lang='lat' dir='ltr'>sane</span> <span class='ocrx_word' id='word_1_43' title='bbox 332 869 500 935; x_wconf 81' lang='lat' dir='ltr'><strong>admodum</strong></span> <span class='ocrx_word' id='word_1_44' title='bbox 529 887 643 952; x_wconf 90' lang='lat' dir='ltr'>paruae</span> <span class='ocrx_word' id='word_1_45' title='bbox 674 889 747 935; x_wconf 89' lang='lat' dir='ltr'>cum</span> <span class='ocrx_word' id='word_1_46' title='bbox 775 871 908 935; x_wconf 90' lang='lat' dir='ltr'>monetis</span> <span class='ocrx_word' id='word_1_47' title='bbox 939 871 1090 935; x_wconf 80' lang='lat' dir='ltr'>cudendis</span> <span class='ocrx_word' id='word_1_48' title='bbox 1119 871 1248 936; x_wconf 83' lang='lat' dir='ltr'>idoneae</span> <span class='ocrx_word' id='word_1_49' title='bbox 1274 889 1335 938; x_wconf 90' lang='lat' dir='ltr'>non</span> <span class='ocrx_word' id='word_1_50' title='bbox 1357 871 1437 936; x_wconf 86' lang='lat' dir='ltr'>iuis-</span> 
     </span>
     <span class='ocr_line' id='line_1_7' title="bbox 93 972 1436 1058; baseline 0 -20"><span class='ocrx_word' id='word_1_51' title='bbox 93 977 183 1049; x_wconf 84' lang='lat' dir='ltr'>sent,</span> <span class='ocrx_word' id='word_1_52' title='bbox 219 974 258 1038; x_wconf 85' lang='lat' dir='ltr'>ad</span> <span class='ocrx_word' id='word_1_53' title='bbox 287 972 424 1056; x_wconf 87' lang='lat' dir='ltr'>pretium</span> <span class='ocrx_word' id='word_1_54' title='bbox 453 973 535 1038; x_wconf 93' lang='lat' dir='ltr'>idem</span> <span class='ocrx_word' id='word_1_55' title='bbox 566 972 807 1058; x_wconf 87' lang='lat' dir='ltr'>significandum</span> <span class='ocrx_word' id='word_1_56' title='bbox 836 973 970 1039; x_wconf 79' lang='lat' dir='ltr'>Romani</span> <span class='ocrx_word' id='word_1_57' title='bbox 1004 975 1076 1040; x_wconf 88' lang='lat' dir='ltr'>aliis</span> <span class='ocrx_word' id='word_1_58' title='bbox 1106 974 1244 1039; x_wconf 90' lang='lat' dir='ltr'>metallis</span> <span class='ocrx_word' id='word_1_59' title='bbox 1274 975 1323 1038; x_wconf 89' lang='lat' dir='ltr'>usi</span> <span class='ocrx_word' id='word_1_60' title='bbox 1353 976 1436 1038; x_wconf 89' lang='lat' dir='ltr'>sunt.</span> 
     </span>
     <span class='ocr_line' id='line_1_8' title="bbox 92 1074 1437 1160; baseline 0 -20"><span class='ocrx_word' id='word_1_61' title='bbox 92 1077 173 1142; x_wconf 86' lang='lat' dir='ltr'>X1V</span> <span class='ocrx_word' id='word_1_62' title='bbox 197 1077 280 1142; x_wconf 87' lang='lat' dir='ltr'>enim</span> <span class='ocrx_word' id='word_1_63' title='bbox 310 1077 434 1160; x_wconf 82' lang='lat' dir='ltr'>argenti</span> <span class='ocrx_word' id='word_1_64' title='bbox 462 1074 527 1141; x_wconf 85' lang='lat' dir='ltr'>fere</span> <span class='ocrx_word' id='word_1_65' title='bbox 556 1077 666 1158; x_wconf 87' lang='lat' dir='ltr'>librae,</span> <span class='ocrx_word' id='word_1_66' title='bbox 696 1095 768 1142; x_wconf 89' lang='lat' dir='ltr'>cum</span> <span class='ocrx_word' id='word_1_67' title='bbox 799 1076 883 1143; x_wconf 89' lang='lat' dir='ltr'>idem</span> <span class='ocrx_word' id='word_1_68' title='bbox 913 1077 1064 1159; x_wconf 89' lang='lat' dir='ltr'>ualerent,</span> <span class='ocrx_word' id='word_1_69' title='bbox 1094 1079 1175 1159; x_wconf 90' lang='lat' dir='ltr'>quod</span> <span class='ocrx_word' id='word_1_70' title='bbox 1200 1077 1267 1142; x_wconf 90' lang='lat' dir='ltr'>auri</span> <span class='ocrx_word' id='word_1_71' title='bbox 1290 1076 1371 1141; x_wconf 89' lang='lat' dir='ltr'>libra</span> <span class='ocrx_word' id='word_1_72' title='bbox 1397 1077 1437 1152; x_wconf 69' lang='lat'>1³,</span> 
     </span>
     <span class='ocr_line' id='line_1_9' title="bbox 93 1178 1436 1266; baseline -0.001 -20"><span class='ocrx_word' id='word_1_73' title='bbox 93 1182 221 1266; x_wconf 87' lang='lat' dir='ltr'>argenti</span> <span class='ocrx_word' id='word_1_74' title='bbox 243 1179 343 1246; x_wconf 86' lang='lat' dir='ltr'>librae</span> <span class='ocrx_word' id='word_1_75' title='bbox 365 1199 438 1263; x_wconf 90' lang='lat' dir='ltr'>pars</span> <span class='ocrx_word' id='word_1_76' title='bbox 456 1179 593 1244; x_wconf 73' lang='lat' dir='ltr'>LXXH⁸</span> <span class='ocrx_word' id='word_1_77' title='bbox 614 1179 699 1245; x_wconf 92' lang='lat' dir='ltr'>idem</span> <span class='ocrx_word' id='word_1_78' title='bbox 723 1178 858 1245; x_wconf 86' lang='lat' dir='ltr'>debebat</span> <span class='ocrx_word' id='word_1_79' title='bbox 881 1180 996 1262; x_wconf 89' lang='lat' dir='ltr'>ualere,</span> <span class='ocrx_word' id='word_1_80' title='bbox 1021 1181 1104 1263; x_wconf 91' lang='lat' dir='ltr'>quod</span> <span class='ocrx_word' id='word_1_81' title='bbox 1127 1181 1195 1245; x_wconf 89' lang='lat' dir='ltr'>auri</span> <span class='ocrx_word' id='word_1_82' title='bbox 1218 1179 1315 1245; x_wconf 89' lang='lat' dir='ltr'>librae</span> <span class='ocrx_word' id='word_1_83' title='bbox 1338 1179 1436 1263; x_wconf 87' lang='lat' dir='ltr'>partis</span> 
     </span>
     <span class='ocr_line' id='line_1_10' title="bbox 93 1283 1437 1367; baseline -0.001 -18"><span class='ocrx_word' id='word_1_84' title='bbox 93 1284 257 1350; x_wconf 89' lang='lat' dir='ltr'>LXXHae</span> <span class='ocrx_word' id='word_1_85' title='bbox 280 1303 354 1367; x_wconf 92' lang='lat' dir='ltr'>pars</span> <span class='ocrx_word' id='word_1_86' title='bbox 377 1285 441 1348; x_wconf 84' lang='lat' dir='ltr'>fere</span> <span class='ocrx_word' id='word_1_87' title='bbox 464 1302 510 1360; x_wconf 81' lang='lat' dir='ltr'>aa,</span> <span class='ocrx_word' id='word_1_88' title='bbox 534 1302 612 1366; x_wconf 88' lang='lat' dir='ltr'>quae</span> <span class='ocrx_word' id='word_1_89' title='bbox 635 1288 684 1348; x_wconf 86' lang='lat' dir='ltr'>est</span> <span class='ocrx_word' id='word_1_90' title='bbox 706 1283 820 1364; x_wconf 89' lang='lat' dir='ltr'>XIVa,</span> <span class='ocrx_word' id='word_1_91' title='bbox 844 1284 953 1349; x_wconf 85' lang='lat' dir='ltr'>uelut</span> <span class='ocrx_word' id='word_1_92' title='bbox 978 1284 1049 1350; x_wconf 91' lang='lat' dir='ltr'>aliis</span> <span class='ocrx_word' id='word_1_93' title='bbox 1079 1283 1163 1349; x_wconf 90' lang='lat' dir='ltr'>idem</span> <span class='ocrx_word' id='word_1_94' title='bbox 1191 1283 1294 1350; x_wconf 91' lang='lat' dir='ltr'>dicam</span> <span class='ocrx_word' id='word_1_95' title='bbox 1323 1283 1437 1360; x_wconf 81' lang='lat' dir='ltr'>uerbis,</span> 
     </span>
     <span class='ocr_line' id='line_1_11' title="bbox 95 1386 1438 1470; baseline -0.001 -17"><span class='ocrx_word' id='word_1_96' title='bbox 95 1387 167 1453; x_wconf 90' lang='lat' dir='ltr'>auri</span> <span class='ocrx_word' id='word_1_97' title='bbox 191 1387 308 1454; x_wconf 90' lang='lat' dir='ltr'>solidus</span> <span class='ocrx_word' id='word_1_98' title='bbox 332 1405 412 1451; x_wconf 91' lang='lat' dir='ltr'>unus</span> <span class='ocrx_word' id='word_1_99' title='bbox 436 1387 520 1450; x_wconf 92' lang='lat' dir='ltr'>idem</span> <span class='ocrx_word' id='word_1_100' title='bbox 541 1387 647 1452; x_wconf 88' lang='lat' dir='ltr'>ualere</span> <span class='ocrx_word' id='word_1_101' title='bbox 670 1386 822 1464; x_wconf 81' lang='lat' dir='ltr'>debebat,</span> <span class='ocrx_word' id='word_1_102' title='bbox 860 1387 941 1469; x_wconf 92' lang='lat' dir='ltr'>quod</span> <span class='ocrx_word' id='word_1_103' title='bbox 970 1387 1019 1452; x_wconf 91' lang='lat' dir='ltr'>bis</span> <span class='ocrx_word' id='word_1_104' title='bbox 1050 1388 1193 1470; x_wconf 81' lang='lat' dir='ltr'>quaterni</span> <span class='ocrx_word' id='word_1_105' title='bbox 1221 1387 1292 1451; x_wconf 94' lang='lat' dir='ltr'>deni</span> <span class='ocrx_word' id='word_1_106' title='bbox 1316 1387 1438 1470; x_wconf 80' lang='lat' dir='ltr'>argenti</span> 
     </span>
     <span class='ocr_line' id='line_1_12' title="bbox 94 1489 1439 1576; baseline -0.001 -21"><span class='ocrx_word' id='word_1_107' title='bbox 94 1491 197 1555; x_wconf 84' lang='lat' dir='ltr'>librae</span> <span class='ocrx_word' id='word_1_108' title='bbox 226 1493 331 1573; x_wconf 88' lang='lat' dir='ltr'>partes</span> <span class='ocrx_word' id='word_1_109' title='bbox 363 1489 538 1557; x_wconf 80' lang='lat' dir='ltr'>CXLIVae.</span> <span class='ocrx_word' id='word_1_110' title='bbox 572 1492 636 1556; x_wconf 90' lang='lat' dir='ltr'>iam</span> <span class='ocrx_word' id='word_1_111' title='bbox 666 1510 736 1556; x_wconf 91' lang='lat' dir='ltr'>cum</span> <span class='ocrx_word' id='word_1_112' title='bbox 767 1508 867 1572; x_wconf 86' lang='lat' dir='ltr'>nequa</span> <span class='ocrx_word' id='word_1_113' title='bbox 896 1494 1019 1576; x_wconf 83' lang='lat' dir='ltr'>argenti</span> <span class='ocrx_word' id='word_1_114' title='bbox 1042 1528 1082 1538; x_wconf 96' lang='lat'>—</span> <span class='ocrx_word' id='word_1_115' title='bbox 1107 1491 1133 1556; x_wconf 91' lang='lat' dir='ltr'>si</span> <span class='ocrx_word' id='word_1_116' title='bbox 1163 1490 1289 1573; x_wconf 90' lang='lat' dir='ltr'>quidem</span> <span class='ocrx_word' id='word_1_117' title='bbox 1323 1490 1439 1556; x_wconf 91' lang='lat' dir='ltr'>molem</span> 
     </span>
     <span class='ocr_line' id='line_1_13' title="bbox 94 1593 1438 1678; baseline 0 -20"><span class='ocrx_word' id='word_1_118' title='bbox 94 1593 248 1676; x_wconf 78' lang='lat' dir='ltr'>respicias</span> <span class='ocrx_word' id='word_1_119' title='bbox 282 1611 429 1677; x_wconf 88' lang='lat' dir='ltr'>magnam</span> <span class='ocrx_word' id='word_1_120' title='bbox 466 1612 564 1675; x_wconf 89' lang='lat' dir='ltr'>neque</span> <span class='ocrx_word' id='word_1_121' title='bbox 593 1613 667 1658; x_wconf 88' lang='lat' dir='ltr'>uero</span> <span class='ocrx_word' id='word_1_122' title='bbox 701 1596 825 1677; x_wconf 90' lang='lat' dir='ltr'>partem</span> <span class='ocrx_word' id='word_1_123' title='bbox 854 1595 1018 1660; x_wconf 88' lang='lat' dir='ltr'>minimam</span> <span class='ocrx_word' id='word_1_124' title='bbox 1047 1631 1090 1642; x_wconf 91' lang='lat'>-</span> <span class='ocrx_word' id='word_1_125' title='bbox 1118 1599 1222 1678; x_wconf 86' lang='lat' dir='ltr'>partes</span> <span class='ocrx_word' id='word_1_126' title='bbox 1252 1594 1337 1674; x_wconf 87' lang='lat' dir='ltr'>XIV,</span> <span class='ocrx_word' id='word_1_127' title='bbox 1371 1595 1438 1660; x_wconf 89' lang='lat' dir='ltr'>auri</span> 
     </span>
     <span class='ocr_line' id='line_1_14' title="bbox 94 1696 1438 1781; baseline 0.001 -19"><span class='ocrx_word' id='word_1_128' title='bbox 94 1701 222 1780; x_wconf 89' lang='lat' dir='ltr'>partem</span> <span class='ocrx_word' id='word_1_129' title='bbox 244 1716 341 1761; x_wconf 91' lang='lat' dir='ltr'>unam</span> <span class='ocrx_word' id='word_1_130' title='bbox 364 1698 546 1780; x_wconf 90' lang='lat' dir='ltr'>ecficerent,</span> <span class='ocrx_word' id='word_1_131' title='bbox 571 1716 669 1779; x_wconf 87' lang='lat' dir='ltr'>neque</span> <span class='ocrx_word' id='word_1_132' title='bbox 693 1696 903 1763; x_wconf 90' lang='lat' dir='ltr'>cudendarum</span> <span class='ocrx_word' id='word_1_133' title='bbox 926 1701 1124 1763; x_wconf 88' lang='lat' dir='ltr'>monetarum</span> <span class='ocrx_word' id='word_1_134' title='bbox 1147 1718 1221 1764; x_wconf 88' lang='lat' dir='ltr'>cura</span> <span class='ocrx_word' id='word_1_135' title='bbox 1244 1700 1282 1765; x_wconf 90' lang='lat' dir='ltr'>ab</span> <span class='ocrx_word' id='word_1_136' title='bbox 1306 1699 1438 1781; x_wconf 91' lang='lat' dir='ltr'>impera-</span> 
     </span>
     <span class='ocr_line' id='line_1_15' title="bbox 95 1801 1439 1885; baseline -0.001 -18"><span class='ocrx_word' id='word_1_137' title='bbox 95 1808 165 1867; x_wconf 89' lang='lat' dir='ltr'>tore</span> <span class='ocrx_word' id='word_1_138' title='bbox 188 1801 401 1884; x_wconf 75' lang='lat' dir='ltr'>susciperetur</span> <span class='ocrx_word' id='word_1_139' title='bbox 424 1801 487 1865; x_wconf 90' lang='lat' dir='ltr'>nisi</span> <span class='ocrx_word' id='word_1_140' title='bbox 508 1801 641 1884; x_wconf 85' lang='lat' dir='ltr'>pecunia</span> <span class='ocrx_word' id='word_1_141' title='bbox 663 1801 752 1877; x_wconf 89' lang='lat' dir='ltr'>data,</span> <span class='ocrx_word' id='word_1_142' title='bbox 787 1801 908 1867; x_wconf 86' lang='lat' dir='ltr'>factum</span> <span class='ocrx_word' id='word_1_143' title='bbox 933 1805 996 1885; x_wconf 88' lang='lat' dir='ltr'>est,</span> <span class='ocrx_word' id='word_1_144' title='bbox 1031 1807 1067 1866; x_wconf 90' lang='lat' dir='ltr'>ut</span> <span class='ocrx_word' id='word_1_145' title='bbox 1089 1802 1198 1868; x_wconf 85' lang='lat' dir='ltr'><strong>XXIV</strong></span> <span class='ocrx_word' id='word_1_146' title='bbox 1221 1805 1439 1868; x_wconf 90' lang='lat' dir='ltr'>tantummodo</span> 
     </span>
     <span class='ocr_line' id='line_1_16' title="bbox 96 1904 1440 1988; baseline 0.001 -19"><span class='ocrx_word' id='word_1_147' title='bbox 96 1942 138 1952; x_wconf 93' lang='lat'><em>-</em></span> <span class='ocrx_word' id='word_1_148' title='bbox 164 1923 262 1987; x_wconf 87' lang='lat' dir='ltr'>neque</span> <span class='ocrx_word' id='word_1_149' title='bbox 284 1923 358 1968; x_wconf 94' lang='lat' dir='ltr'>uero</span> <span class='ocrx_word' id='word_1_150' title='bbox 381 1904 531 1981; x_wconf 86' lang='lat' dir='ltr'>XXVIII,</span> <span class='ocrx_word' id='word_1_151' title='bbox 562 1923 655 1986; x_wconf 90' lang='lat' dir='ltr'>quem</span> <span class='ocrx_word' id='word_1_152' title='bbox 680 1904 807 1986; x_wconf 78' lang='lat' dir='ltr'>quaidem</span> <span class='ocrx_word' id='word_1_153' title='bbox 830 1923 997 1969; x_wconf 90' lang='lat' dir='ltr'>numerum</span> <span class='ocrx_word' id='word_1_154' title='bbox 1020 1906 1248 1986; x_wconf 84' lang='lat' dir='ltr'>exspectaueris</span> <span class='ocrx_word' id='word_1_155' title='bbox 1271 1943 1312 1954; x_wconf 90' lang='lat'><em>-</em></span> <span class='ocrx_word' id='word_1_156' title='bbox 1335 1908 1440 1988; x_wconf 88' lang='lat' dir='ltr'>partes</span> 
     </span>
     <span class='ocr_line' id='line_1_17' title="bbox 95 2009 1440 2094; baseline -0.001 -20"><span class='ocrx_word' id='word_1_157' title='bbox 95 2011 199 2076; x_wconf 87' lang='lat' dir='ltr'>librae</span> <span class='ocrx_word' id='word_1_158' title='bbox 223 2009 345 2094; x_wconf 86' lang='lat' dir='ltr'>argenti</span> <span class='ocrx_word' id='word_1_159' title='bbox 368 2011 400 2074; x_wconf 88' lang='lat' dir='ltr'>in</span> <span class='ocrx_word' id='word_1_160' title='bbox 424 2009 551 2074; x_wconf 82' lang='lat' dir='ltr'>CXLIV</span> <span class='ocrx_word' id='word_1_161' title='bbox 574 2011 678 2092; x_wconf 86' lang='lat' dir='ltr'>partes</span> <span class='ocrx_word' id='word_1_162' title='bbox 700 2009 835 2088; x_wconf 88' lang='lat' dir='ltr'>diuisae,</span> <span class='ocrx_word' id='word_1_163' title='bbox 871 2010 1097 2093; x_wconf 89' lang='lat' dir='ltr'>responderent</span> <span class='ocrx_word' id='word_1_164' title='bbox 1123 2011 1209 2074; x_wconf 92' lang='lat' dir='ltr'>aurei</span> <span class='ocrx_word' id='word_1_165' title='bbox 1232 2009 1325 2074; x_wconf 90' lang='lat' dir='ltr'>solidi</span> <span class='ocrx_word' id='word_1_166' title='bbox 1348 2011 1440 2074; x_wconf 88' lang='lat' dir='ltr'>unius</span> 
     </span>
     <span class='ocr_line' id='line_1_18' title="bbox 96 2111 1440 2198; baseline -0.003 -18"><span class='ocrx_word' id='word_1_167' title='bbox 96 2114 209 2198; x_wconf 88' lang='lat' dir='ltr'>pretio.</span> <span class='ocrx_word' id='word_1_168' title='bbox 233 2113 316 2196; x_wconf 89' lang='lat' dir='ltr'>parti</span> <span class='ocrx_word' id='word_1_169' title='bbox 333 2119 440 2178; x_wconf 88' lang='lat' dir='ltr'>autem</span> <span class='ocrx_word' id='word_1_170' title='bbox 455 2112 598 2178; x_wconf 88' lang='lat' dir='ltr'>XXlVae</span> <span class='ocrx_word' id='word_1_171' title='bbox 616 2130 689 2176; x_wconf 91' lang='lat' dir='ltr'>oum</span> <span class='ocrx_word' id='word_1_172' title='bbox 703 2113 838 2178; x_wconf 88' lang='lat' dir='ltr'>Romani</span> <span class='ocrx_word' id='word_1_173' title='bbox 854 2111 987 2194; x_wconf 90' lang='lat' dir='ltr'>siliquae</span> <span class='ocrx_word' id='word_1_174' title='bbox 1008 2129 1120 2176; x_wconf 90' lang='lat' dir='ltr'>nomen</span> <span class='ocrx_word' id='word_1_175' title='bbox 1144 2114 1295 2188; x_wconf 84' lang='lat' dir='ltr'>inderent,</span> <span class='ocrx_word' id='word_1_176' title='bbox 1320 2113 1440 2177; x_wconf 85' lang='lat' dir='ltr'>factum</span> 
     </span>
     <span class='ocr_line' id='line_1_19' title="bbox 98 2215 1418 2299; baseline -0.003 -17"><span class='ocrx_word' id='word_1_177' title='bbox 98 2222 157 2296; x_wconf 90' lang='lat' dir='ltr'>est,</span> <span class='ocrx_word' id='word_1_178' title='bbox 181 2221 218 2281; x_wconf 92' lang='lat' dir='ltr'>ut</span> <span class='ocrx_word' id='word_1_179' title='bbox 240 2219 366 2282; x_wconf 88' lang='lat' dir='ltr'>moneta</span> <span class='ocrx_word' id='word_1_180' title='bbox 389 2216 465 2280; x_wconf 87' lang='lat' dir='ltr'>haec</span> <span class='ocrx_word' id='word_1_181' title='bbox 487 2220 521 2280; x_wconf 87' lang='lat' dir='ltr'>ut</span> <span class='ocrx_word' id='word_1_182' title='bbox 546 2216 610 2279; x_wconf 92' lang='lat' dir='ltr'>iam</span> <span class='ocrx_word' id='word_1_183' title='bbox 633 2215 768 2280; x_wconf 84' lang='lat' dir='ltr'>diximus</span> <span class='ocrx_word' id='word_1_184' title='bbox 793 2218 943 2299; x_wconf 89' lang='lat' dir='ltr'>argentea</span> <span class='ocrx_word' id='word_1_185' title='bbox 965 2215 1080 2297; x_wconf 88' lang='lat' dir='ltr'>siliqua</span> <span class='ocrx_word' id='word_1_186' title='bbox 1103 2215 1170 2280; x_wconf 92' lang='lat' dir='ltr'>auri</span> <span class='ocrx_word' id='word_1_187' title='bbox 1193 2216 1418 2281; x_wconf 86' lang='lat' dir='ltr'>nominaretur.</span> 
     </span>
    </p>

    <p class='ocr_par' dir='ltr' id='par_1_3' title="bbox 98 2319 1440 2594">
     <span class='ocr_line' id='line_1_20' title="bbox 202 2319 1439 2404; baseline -0.001 -18"><span class='ocrx_word' id='word_1_188' title='bbox 202 2322 306 2387; x_wconf 81' lang='lat' dir='ltr'>Etiam</span> <span class='ocrx_word' id='word_1_189' title='bbox 330 2340 460 2404; x_wconf 91' lang='lat' dir='ltr'>cuprum</span> <span class='ocrx_word' id='word_1_190' title='bbox 483 2322 522 2386; x_wconf 88' lang='lat' dir='ltr'>ad</span> <span class='ocrx_word' id='word_1_191' title='bbox 545 2323 687 2385; x_wconf 88' lang='lat' dir='ltr'>monetas</span> <span class='ocrx_word' id='word_1_192' title='bbox 710 2319 867 2384; x_wconf 87' lang='lat' dir='ltr'>cudendae</span> <span class='ocrx_word' id='word_1_193' title='bbox 891 2319 1067 2384; x_wconf 91' lang='lat' dir='ltr'>adhibitum</span> <span class='ocrx_word' id='word_1_194' title='bbox 1086 2321 1150 2403; x_wconf 83' lang='lat' dir='ltr'>ast3</span> <span class='ocrx_word' id='word_1_195' title='bbox 1172 2321 1317 2385; x_wconf 89' lang='lat' dir='ltr'>monetae</span> <span class='ocrx_word' id='word_1_196' title='bbox 1334 2323 1439 2385; x_wconf 89' lang='lat' dir='ltr'>autem</span> 
     </span>
     <span class='ocr_line' id='line_1_21' title="bbox 99 2420 1440 2507; baseline -0.001 -18"><span class='ocrx_word' id='word_1_197' title='bbox 99 2442 232 2507; x_wconf 88' lang='lat' dir='ltr'>cupreae</span> <span class='ocrx_word' id='word_1_198' title='bbox 260 2423 390 2489; x_wconf 84' lang='lat' dir='ltr'>follibus</span> <span class='ocrx_word' id='word_1_199' title='bbox 419 2427 494 2488; x_wconf 89' lang='lat' dir='ltr'>sunt</span> <span class='ocrx_word' id='word_1_200' title='bbox 524 2424 739 2501; x_wconf 87' lang='lat' dir='ltr'>conseruatae,</span> <span class='ocrx_word' id='word_1_201' title='bbox 775 2423 859 2486; x_wconf 92' lang='lat' dir='ltr'>unde</span> <span class='ocrx_word' id='word_1_202' title='bbox 888 2420 1014 2487; x_wconf 87' lang='lat' dir='ltr'>follium</span> <span class='ocrx_word' id='word_1_203' title='bbox 1045 2441 1158 2489; x_wconf 91' lang='lat' dir='ltr'>nomen</span> <span class='ocrx_word' id='word_1_204' title='bbox 1187 2424 1269 2488; x_wconf 91' lang='lat' dir='ltr'>inter</span> <span class='ocrx_word' id='word_1_205' title='bbox 1299 2426 1440 2488; x_wconf 85' lang='lat' dir='ltr'>monetas</span> 
     </span>
     <span class='ocr_line' id='line_1_22' title="bbox 98 2528 320 2594; baseline -0.009 -1"><span class='ocrx_word' id='word_1_206' title='bbox 98 2529 237 2593; x_wconf 85' lang='lat' dir='ltr'>relatum</span> <span class='ocrx_word' id='word_1_207' title='bbox 260 2528 320 2594; x_wconf 83' lang='lat' dir='ltr'>est.</span> 
     </span>
    </p>

    <p class='ocr_par' dir='ltr' id='par_1_4' title="bbox 204 2629 1316 2715">
     <span class='ocr_line' id='line_1_23' title="bbox 204 2629 1316 2715; baseline -0.003 -19"><span class='ocrx_word' id='word_1_208' title='bbox 204 2632 291 2696; x_wconf 87' lang='lat' dir='ltr'>Haec</span> <span class='ocrx_word' id='word_1_209' title='bbox 314 2634 350 2696; x_wconf 88' lang='lat' dir='ltr'>ut</span> <span class='ocrx_word' id='word_1_210' title='bbox 374 2649 451 2712; x_wconf 90' lang='lat' dir='ltr'>quae</span> <span class='ocrx_word' id='word_1_211' title='bbox 475 2632 625 2694; x_wconf 90' lang='lat' dir='ltr'>secuntur</span> <span class='ocrx_word' id='word_1_212' title='bbox 647 2629 917 2714; x_wconf 85' lang='lat' dir='ltr'>intellegerentur,</span> <span class='ocrx_word' id='word_1_213' title='bbox 940 2631 1173 2714; x_wconf 85' lang='lat' dir='ltr'>praemittenda</span> <span class='ocrx_word' id='word_1_214' title='bbox 1194 2629 1316 2715; x_wconf 91' lang='lat' dir='ltr'>putaui.</span> 
     </span>
    </p>

    <p class='ocr_par' dir='ltr' id='par_1_5' title="bbox 99 2732 1443 4165">
     <span class='ocr_line' id='line_1_24' title="bbox 204 2732 1441 2818; baseline 0 -20"><span class='ocrx_word' id='word_1_215' title='bbox 204 2735 253 2799; x_wconf 85' lang='lat' dir='ltr'>Ea</span> <span class='ocrx_word' id='word_1_216' title='bbox 276 2753 353 2817; x_wconf 89' lang='lat' dir='ltr'>quae</span> <span class='ocrx_word' id='word_1_217' title='bbox 378 2733 603 2799; x_wconf 82' lang='lat' dir='ltr'>Constantinus</span> <span class='ocrx_word' id='word_1_218' title='bbox 627 2734 783 2798; x_wconf 87' lang='lat' dir='ltr'>statuerat</span> <span class='ocrx_word' id='word_1_219' title='bbox 805 2734 974 2800; x_wconf 83' lang='lat' dir='ltr'>maximam</span> <span class='ocrx_word' id='word_1_220' title='bbox 1000 2735 1123 2818; x_wconf 91' lang='lat' dir='ltr'>partem</span> <span class='ocrx_word' id='word_1_221' title='bbox 1146 2734 1241 2799; x_wconf 89' lang='lat' dir='ltr'>etiam</span> <span class='ocrx_word' id='word_1_222' title='bbox 1264 2732 1388 2798; x_wconf 88' lang='lat' dir='ltr'>saeculo</span> <span class='ocrx_word' id='word_1_223' title='bbox 1411 2751 1441 2815; x_wconf 91' lang='lat' dir='ltr'>p.</span> 
     </span>
     <span class='ocr_line' id='line_1_25' title="bbox 100 2835 1441 2920; baseline -0.001 -18"><span class='ocrx_word' id='word_1_224' title='bbox 100 2835 133 2902; x_wconf 82' lang='lat' dir='ltr'>C.</span> <span class='ocrx_word' id='word_1_225' title='bbox 157 2858 188 2903; x_wconf 94' lang='lat' dir='ltr'>n.</span> <span class='ocrx_word' id='word_1_226' title='bbox 215 2837 285 2904; x_wconf 87' lang='lat' dir='ltr'><strong>VI⁰.</strong></span> <span class='ocrx_word' id='word_1_227' title='bbox 317 2838 348 2902; x_wconf 89' lang='lat' dir='ltr'>et</span> <span class='ocrx_word' id='word_1_228' title='bbox 371 2835 447 2902; x_wconf 88' lang='lat' dir='ltr'><strong>VII⁰</strong></span> <span class='ocrx_word' id='word_1_229' title='bbox 479 2837 638 2903; x_wconf 84' lang='lat' dir='ltr'>uolebant.</span> <span class='ocrx_word' id='word_1_230' title='bbox 677 2841 770 2920; x_wconf 91' lang='lat' dir='ltr'>atque</span> <span class='ocrx_word' id='word_1_231' title='bbox 799 2837 917 2903; x_wconf 91' lang='lat' dir='ltr'>solidus</span> <span class='ocrx_word' id='word_1_232' title='bbox 946 2841 1111 2920; x_wconf 89' lang='lat' dir='ltr'>respondet</span> <span class='ocrx_word' id='word_1_233' title='bbox 1140 2840 1263 2904; x_wconf 90' lang='lat' dir='ltr'>nostrae</span> <span class='ocrx_word' id='word_1_234' title='bbox 1292 2835 1441 2920; x_wconf 86' lang='lat' dir='ltr'>pecuniae</span> 
     </span>
     <span class='ocr_line' id='line_1_26' title="bbox 99 2940 1440 3024; baseline -0.003 -16"><span class='ocrx_word' id='word_1_235' title='bbox 99 2943 215 3008; x_wconf 91' lang='lat' dir='ltr'>marcis</span> <span class='ocrx_word' id='word_1_236' title='bbox 239 2940 280 3004; x_wconf 79' lang='lat'>12</span> <span class='ocrx_word' id='word_1_237' title='bbox 303 2959 394 3023; x_wconf 87' lang='lat' dir='ltr'>penu.</span> <span class='ocrx_word' id='word_1_238' title='bbox 418 2941 475 3024; x_wconf 86' lang='lat'>69;</span> <span class='ocrx_word' id='word_1_239' title='bbox 500 2941 570 3005; x_wconf 89' lang='lat' dir='ltr'>auri</span> <span class='ocrx_word' id='word_1_240' title='bbox 593 2940 707 3022; x_wconf 88' lang='lat' dir='ltr'>siliqua</span> <span class='ocrx_word' id='word_1_241' title='bbox 729 2959 821 3024; x_wconf 89' lang='lat' dir='ltr'>penu.</span> <span class='ocrx_word' id='word_1_242' title='bbox 840 2941 892 3006; x_wconf 83' lang='lat'>53.</span> <span class='ocrx_word' id='word_1_243' title='bbox 916 2941 985 3006; x_wconf 91' lang='lat' dir='ltr'>auri</span> <span class='ocrx_word' id='word_1_244' title='bbox 1007 2941 1125 3007; x_wconf 91' lang='lat' dir='ltr'>solidus</span> <span class='ocrx_word' id='word_1_245' title='bbox 1149 2959 1222 3006; x_wconf 90' lang='lat' dir='ltr'>cum</span> <span class='ocrx_word' id='word_1_246' title='bbox 1243 2958 1351 3006; x_wconf 90' lang='lat' dir='ltr'>reuera</span> <span class='ocrx_word' id='word_1_247' title='bbox 1373 2957 1440 3004; x_wconf 93' lang='lat' dir='ltr'>mo·</span> 
     </span>
     <span class='ocr_line' id='line_1_27' title="bbox 100 3043 1442 3128; baseline -0.004 -17"><span class='ocrx_word' id='word_1_248' title='bbox 100 3048 175 3112; x_wconf 83' lang='lat' dir='ltr'>neta</span> <span class='ocrx_word' id='word_1_249' title='bbox 197 3047 278 3110; x_wconf 84' lang='lat' dir='ltr'>asset</span> <span class='ocrx_word' id='word_1_250' title='bbox 299 3044 529 3127; x_wconf 88' lang='lat' dir='ltr'>pretiosissima</span> <span class='ocrx_word' id='word_1_251' title='bbox 550 3045 718 3126; x_wconf 90' lang='lat' dir='ltr'>eademque</span> <span class='ocrx_word' id='word_1_252' title='bbox 740 3043 909 3128; x_wconf 89' lang='lat' dir='ltr'>purissima</span> <span class='ocrx_word' id='word_1_253' title='bbox 931 3045 970 3109; x_wconf 97' lang='lat' dir='ltr'>ab</span> <span class='ocrx_word' id='word_1_254' title='bbox 994 3045 1139 3110; x_wconf 90' lang='lat' dir='ltr'>omnibus</span> <span class='ocrx_word' id='word_1_255' title='bbox 1163 3043 1226 3109; x_wconf 84' lang='lat' dir='ltr'>fere</span> <span class='ocrx_word' id='word_1_256' title='bbox 1248 3043 1395 3128; x_wconf 87' lang='lat' dir='ltr'>gentibus</span> <span class='ocrx_word' id='word_1_257' title='bbox 1411 3044 1442 3106; x_wconf 90' lang='lat' dir='ltr'>et</span> 
     </span>
     <span class='ocr_line' id='line_1_28' title="bbox 101 3144 1442 3230; baseline -0.004 -14"><span class='ocrx_word' id='word_1_258' title='bbox 101 3148 275 3216; x_wconf 86' lang='lat' dir='ltr'>occidentis</span> <span class='ocrx_word' id='word_1_259' title='bbox 297 3148 479 3214; x_wconf 79' lang='lat' dir='ltr'>oborientia</span> <span class='ocrx_word' id='word_1_260' title='bbox 502 3149 535 3212; x_wconf 90' lang='lat' dir='ltr'>in</span> <span class='ocrx_word' id='word_1_261' title='bbox 559 3149 688 3214; x_wconf 90' lang='lat' dir='ltr'>emendo</span> <span class='ocrx_word' id='word_1_262' title='bbox 715 3147 939 3230; x_wconf 91' lang='lat' dir='ltr'>uendendoqne</span> <span class='ocrx_word' id='word_1_263' title='bbox 969 3148 1111 3213; x_wconf 88' lang='lat' dir='ltr'>adhibita</span> <span class='ocrx_word' id='word_1_264' title='bbox 1140 3151 1195 3214; x_wconf 87' lang='lat' dir='ltr'>est.</span> <span class='ocrx_word' id='word_1_265' title='bbox 1235 3146 1272 3212; x_wconf 85' lang='lat' dir='ltr'>ct.</span> <span class='ocrx_word' id='word_1_266' title='bbox 1297 3144 1442 3212; x_wconf 71' lang='lat' dir='ltr'>cosmam</span> 
     </span>
     <span class='ocr_line' id='line_1_29' title="bbox 100 3249 1441 3337; baseline -0.004 -18"><span class='ocrx_word' id='word_1_267' title='bbox 100 3253 370 3337; x_wconf 89' lang='lat' dir='ltr'>Indicopleustam</span> <span class='ocrx_word' id='word_1_268' title='bbox 392 3251 426 3315; x_wconf 93' lang='lat' dir='ltr'>in</span> <span class='ocrx_word' id='word_1_269' title='bbox 450 3250 632 3318; x_wconf 90' lang='lat' dir='ltr'>collectione</span> <span class='ocrx_word' id='word_1_270' title='bbox 654 3269 736 3317; x_wconf 88' lang='lat' dir='ltr'>noua</span> <span class='ocrx_word' id='word_1_271' title='bbox 757 3254 883 3335; x_wconf 90' lang='lat' dir='ltr'>patrum</span> <span class='ocrx_word' id='word_1_272' title='bbox 906 3252 953 3317; x_wconf 90' lang='lat' dir='ltr'>ed.</span> <span class='ocrx_word' id='word_1_273' title='bbox 977 3251 1236 3318; x_wconf 86' lang='lat' dir='ltr'>Montefalconius</span> <span class='ocrx_word' id='word_1_274' title='bbox 1260 3253 1300 3329; x_wconf 86' lang='lat'>11,</span> <span class='ocrx_word' id='word_1_275' title='bbox 1324 3270 1353 3334; x_wconf 91' lang='lat' dir='ltr'>p.</span> <span class='ocrx_word' id='word_1_276' title='bbox 1380 3249 1441 3314; x_wconf 88' lang='grc'>148</span> 
     </span>
     <span class='ocr_line' id='line_1_30' title="bbox 101 3352 1442 3438; baseline -0.005 -15"><span class='ocrx_word' id='word_1_277' title='bbox 101 3359 141 3423; x_wconf 90' lang='lat' dir='ltr'>A.</span> <span class='ocrx_word' id='word_1_278' title='bbox 170 3356 203 3420; x_wconf 93' lang='lat' dir='ltr'>in</span> <span class='ocrx_word' id='word_1_279' title='bbox 225 3354 336 3437; x_wconf 90' lang='lat' dir='ltr'>primis</span> <span class='ocrx_word' id='word_1_280' title='bbox 359 3355 392 3420; x_wconf 91' lang='lat' dir='ltr'>in</span> <span class='ocrx_word' id='word_1_281' title='bbox 415 3373 508 3419; x_wconf 91' lang='lat' dir='ltr'>usum</span> <span class='ocrx_word' id='word_1_282' title='bbox 531 3358 685 3421; x_wconf 88' lang='lat' dir='ltr'>uenerunt</span> <span class='ocrx_word' id='word_1_283' title='bbox 707 3354 799 3420; x_wconf 89' lang='lat' dir='ltr'>solidi</span> <span class='ocrx_word' id='word_1_284' title='bbox 822 3358 853 3419; x_wconf 93' lang='lat' dir='ltr'>et</span> <span class='ocrx_word' id='word_1_285' title='bbox 875 3353 1006 3436; x_wconf 90' lang='lat' dir='ltr'>siliquae</span> <span class='ocrx_word' id='word_1_286' title='bbox 1029 3355 1182 3438; x_wconf 87' lang='lat' dir='ltr'>neglectis</span> <span class='ocrx_word' id='word_1_287' title='bbox 1206 3352 1370 3438; x_wconf 85' lang='lat' dir='ltr'>generibus</span> <span class='ocrx_word' id='word_1_288' title='bbox 1394 3371 1442 3416; x_wconf 89' lang='lat' dir='ltr'>re-</span> 
     </span>
     <span class='ocr_line' id='line_1_31' title="bbox 99 3457 1441 3543; baseline -0.004 -19"><span class='ocrx_word' id='word_1_289' title='bbox 99 3458 198 3541; x_wconf 90' lang='lat' dir='ltr'>liquis</span> <span class='ocrx_word' id='word_1_290' title='bbox 221 3457 274 3543; x_wconf 86' lang='lat' dir='ltr'>(of.</span> <span class='ocrx_word' id='word_1_291' title='bbox 298 3459 355 3523; x_wconf 80' lang='lat' dir='ltr'>Th.</span> <span class='ocrx_word' id='word_1_292' title='bbox 371 3457 546 3524; x_wconf 88' lang='lat' dir='ltr'>Mommsen</span> <span class='ocrx_word' id='word_1_293' title='bbox 563 3457 677 3525; x_wconf 81' lang='lat' dir='ltr'>Gesob</span> <span class='ocrx_word' id='word_1_294' title='bbox 701 3458 730 3522; x_wconf 85' lang='lat' dir='ltr'>d.</span> <span class='ocrx_word' id='word_1_295' title='bbox 746 3459 837 3524; x_wconf 85' lang='lat' dir='ltr'>Rbm.</span> <span class='ocrx_word' id='word_1_296' title='bbox 853 3459 941 3524; x_wconf 81' lang='lat' dir='ltr'>Mau.</span> <span class='ocrx_word' id='word_1_297' title='bbox 966 3479 996 3543; x_wconf 87' lang='lat' dir='ltr'>p.</span> <span class='ocrx_word' id='word_1_298' title='bbox 1022 3459 1082 3524; x_wconf 78' lang='grc'>791</span> <span class='ocrx_word' id='word_1_299' title='bbox 1106 3475 1133 3521; x_wconf 83' lang='grc' dir='ltr'>θ.</span> <span class='ocrx_word' id='word_1_300' title='bbox 1159 3457 1244 3541; x_wconf 76' lang='grc'>171).</span> <span class='ocrx_word' id='word_1_301' title='bbox 1269 3474 1347 3538; x_wconf 89' lang='lat' dir='ltr'>quae</span> <span class='ocrx_word' id='word_1_302' title='bbox 1371 3473 1441 3520; x_wconf 91' lang='lat' dir='ltr'>cum</span> 
     </span>
     <span class='ocr_line' id='line_1_32' title="bbox 102 3559 1443 3645; baseline -0.004 -18"><span class='ocrx_word' id='word_1_303' title='bbox 102 3565 150 3627; x_wconf 88' lang='lat' dir='ltr'>ita</span> <span class='ocrx_word' id='word_1_304' title='bbox 171 3563 246 3641; x_wconf 87' lang='lat' dir='ltr'>siut,</span> <span class='ocrx_word' id='word_1_305' title='bbox 277 3562 397 3627; x_wconf 94' lang='lat' dir='ltr'>iamin</span> <span class='ocrx_word' id='word_1_306' title='bbox 427 3561 553 3644; x_wconf 79' lang='lat' dir='ltr'>papyris</span> <span class='ocrx_word' id='word_1_307' title='bbox 584 3561 662 3626; x_wconf 89' lang='lat' dir='ltr'>meis</span> <span class='ocrx_word' id='word_1_308' title='bbox 691 3580 815 3645; x_wconf 89' lang='lat' dir='ltr'>semper</span> <span class='ocrx_word' id='word_1_309' title='bbox 843 3561 909 3626; x_wconf 91' lang='lat' dir='ltr'>fere</span> <span class='ocrx_word' id='word_1_310' title='bbox 931 3560 1046 3627; x_wconf 91' lang='lat' dir='ltr'>solidos</span> <span class='ocrx_word' id='word_1_311' title='bbox 1070 3564 1102 3626; x_wconf 86' lang='lat' dir='ltr'>et</span> <span class='ocrx_word' id='word_1_312' title='bbox 1125 3561 1254 3643; x_wconf 85' lang='lat' dir='ltr'>siliquas</span> <span class='ocrx_word' id='word_1_313' title='bbox 1278 3563 1310 3626; x_wconf 91' lang='lat' dir='ltr'>iu</span> <span class='ocrx_word' id='word_1_314' title='bbox 1332 3559 1443 3642; x_wconf 89' lang='lat' dir='ltr'>pretiis</span> 
     </span>
     <span class='ocr_line' id='line_1_33' title="bbox 101 3664 1443 3752; baseline -0.002 -21"><span class='ocrx_word' id='word_1_315' title='bbox 101 3665 316 3752; x_wconf 90' lang='lat' dir='ltr'>significandis</span> <span class='ocrx_word' id='word_1_316' title='bbox 339 3664 485 3731; x_wconf 87' lang='lat' dir='ltr'>adhiberi</span> <span class='ocrx_word' id='word_1_317' title='bbox 503 3682 565 3729; x_wconf 91' lang='lat' dir='ltr'>non</span> <span class='ocrx_word' id='word_1_318' title='bbox 581 3668 640 3743; x_wconf 82' lang='lat' dir='ltr'>est,</span> <span class='ocrx_word' id='word_1_319' title='bbox 663 3665 745 3747; x_wconf 90' lang='lat' dir='ltr'>quod</span> <span class='ocrx_word' id='word_1_320' title='bbox 767 3666 928 3731; x_wconf 90' lang='lat' dir='ltr'>miremur.</span> <span class='ocrx_word' id='word_1_321' title='bbox 952 3670 1046 3748; x_wconf 91' lang='lat' dir='ltr'>atque</span> <span class='ocrx_word' id='word_1_322' title='bbox 1069 3664 1162 3731; x_wconf 89' lang='lat' dir='ltr'>solidi</span> <span class='ocrx_word' id='word_1_323' title='bbox 1185 3665 1311 3746; x_wconf 88' lang='lat' dir='ltr'>quidem</span> <span class='ocrx_word' id='word_1_324' title='bbox 1333 3680 1443 3748; x_wconf 88' lang='lat' dir='ltr'>graece</span> 
     </span>
     <span class='ocr_line' id='line_1_34' title="bbox 102 3766 1441 3852; baseline -0.006 -15"><span class='ocrx_word' id='word_1_325' title='bbox 102 3771 232 3851; x_wconf 70' lang='grc' dir='ltr'>χρυςίου</span> <span class='ocrx_word' id='word_1_326' title='bbox 255 3771 428 3851; x_wconf 80' lang='grc' dir='ltr'>νομίεματα</span> <span class='ocrx_word' id='word_1_327' title='bbox 450 3768 502 3834; x_wconf 89' lang='lat' dir='ltr'>uel</span> <span class='ocrx_word' id='word_1_328' title='bbox 524 3769 708 3849; x_wconf 79' lang='lat' dir='ltr'>voprcpdruc</span> <span class='ocrx_word' id='word_1_329' title='bbox 737 3769 978 3836; x_wconf 88' lang='lat' dir='ltr'>nominabantur</span> <span class='ocrx_word' id='word_1_330' title='bbox 1008 3770 1088 3834; x_wconf 90' lang='lat' dir='ltr'>testa</span> <span class='ocrx_word' id='word_1_331' title='bbox 1118 3768 1274 3835; x_wconf 91' lang='lat' dir='ltr'>Isidoro</span> <span class='ocrx_word' id='word_1_332' title='bbox 1304 3766 1441 3852; x_wconf 77' lang='lat' dir='ltr'>Etymol.</span> 
     </span>
     <span class='ocr_line' id='line_1_35' title="bbox 101 3870 1442 3956; baseline -0.004 -17"><span class='ocrx_word' id='word_1_333' title='bbox 101 3873 190 3953; x_wconf 83' lang='lat' dir='ltr'>XVI,</span> <span class='ocrx_word' id='word_1_334' title='bbox 213 3873 266 3951; x_wconf 80' lang='lat'>25,</span> <span class='ocrx_word' id='word_1_335' title='bbox 293 3873 348 3937; x_wconf 88' lang='lat'>14:</span> <span class='ocrx_word' id='word_1_336' title='bbox 384 3872 521 3938; x_wconf 71' lang='lat' dir='ltr'>„solidus</span> <span class='ocrx_word' id='word_1_337' title='bbox 544 3873 752 3956; x_wconf 87' lang='lat' dir='ltr'>nuncupatur,</span> <span class='ocrx_word' id='word_1_338' title='bbox 777 3872 897 3955; x_wconf 86' lang='lat' dir='ltr'>inquit,</span> <span class='ocrx_word' id='word_1_339' title='bbox 925 3871 998 3955; x_wconf 87' lang='lat' dir='ltr'>quia</span> <span class='ocrx_word' id='word_1_340' title='bbox 1018 3871 1100 3938; x_wconf 91' lang='lat' dir='ltr'>nibil</span> <span class='ocrx_word' id='word_1_341' title='bbox 1122 3870 1150 3937; x_wconf 90' lang='lat' dir='ltr'>ei</span> <span class='ocrx_word' id='word_1_342' title='bbox 1175 3871 1279 3938; x_wconf 88' lang='lat' dir='ltr'>deesse</span> <span class='ocrx_word' id='word_1_343' title='bbox 1301 3870 1442 3946; x_wconf 88' lang='lat' dir='ltr'>uidetur;</span> 
     </span>
     <span class='ocr_line' id='line_1_36' title="bbox 106 3972 1442 4061; baseline -0.004 -18"><span class='ocrx_word' id='word_1_344' title='bbox 106 3980 189 4061; x_wconf 78' lang='lat' dir='ltr'>nipse</span> <span class='ocrx_word' id='word_1_345' title='bbox 212 3994 333 4060; x_wconf 88' lang='lat' dir='ltr'>quoque</span> <span class='ocrx_word' id='word_1_346' title='bbox 354 3977 511 4042; x_wconf 87' lang='lat' dir='ltr'>nomisma</span> <span class='ocrx_word' id='word_1_347' title='bbox 532 3979 662 4042; x_wconf 88' lang='lat' dir='ltr'>uocatur</span> <span class='ocrx_word' id='word_1_348' title='bbox 684 3995 739 4060; x_wconf 92' lang='lat' dir='ltr'>pro</span> <span class='ocrx_word' id='word_1_349' title='bbox 755 3994 790 4042; x_wconf 92' lang='lat' dir='ltr'>eo</span> <span class='ocrx_word' id='word_1_350' title='bbox 807 3977 888 4059; x_wconf 90' lang='lat' dir='ltr'>quod</span> <span class='ocrx_word' id='word_1_351' title='bbox 910 3975 1089 4042; x_wconf 91' lang='lat' dir='ltr'>nominibus</span> <span class='ocrx_word' id='word_1_352' title='bbox 1110 3974 1290 4059; x_wconf 88' lang='lat' dir='ltr'>principum</span> <span class='ocrx_word' id='word_1_353' title='bbox 1314 3972 1442 4056; x_wconf 80' lang='lat' dir='ltr'>effigiis-</span> 
     </span>
     <span class='ocr_line' id='line_1_37' title="bbox 105 4078 1439 4165; baseline -0.004 -19"><span class='ocrx_word' id='word_1_354' title='bbox 105 4100 183 4163; x_wconf 79' lang='lat' dir='ltr'>aque</span> <span class='ocrx_word' id='word_1_355' title='bbox 194 4081 357 4165; x_wconf 71' lang='lat' dir='ltr'>signatura</span> <span class='ocrx_word' id='word_1_356' title='bbox 372 4081 423 4159; x_wconf 89' lang='lat'>18,</span> <span class='ocrx_word' id='word_1_357' title='bbox 436 4081 456 4145; x_wconf 86' lang='lat'>9</span> <span class='ocrx_word' id='word_1_358' title='bbox 476 4082 648 4147; x_wconf 75' lang='lat' dir='ltr'>„nomisma</span> <span class='ocrx_word' id='word_1_359' title='bbox 660 4084 708 4146; x_wconf 90' lang='lat' dir='ltr'>est</span> <span class='ocrx_word' id='word_1_360' title='bbox 723 4080 841 4146; x_wconf 92' lang='lat' dir='ltr'>solidus</span> <span class='ocrx_word' id='word_1_361' title='bbox 856 4098 967 4145; x_wconf 87' lang='lat' dir='ltr'>aureus</span> <span class='ocrx_word' id='word_1_362' title='bbox 979 4081 1030 4145; x_wconf 92' lang='lat' dir='ltr'>uel</span> <span class='ocrx_word' id='word_1_363' title='bbox 1046 4083 1215 4164; x_wconf 89' lang='lat' dir='ltr'>argenteus</span> <span class='ocrx_word' id='word_1_364' title='bbox 1231 4078 1283 4142; x_wconf 88' lang='lat' dir='ltr'>uel</span> <span class='ocrx_word' id='word_1_365' title='bbox 1299 4095 1439 4143; x_wconf 70' lang='lat' dir='ltr'>aereuse.</span> 
     </span>
    </p>

    <p class='ocr_par' dir='ltr' id='par_1_6' title="bbox 104 4179 1444 4371">
     <span class='ocr_line' id='line_1_38' title="bbox 207 4179 1444 4265; baseline -0.005 -17"><span class='ocrx_word' id='word_1_366' title='bbox 207 4183 275 4248; x_wconf 90' lang='lat' dir='ltr'>Iam</span> <span class='ocrx_word' id='word_1_367' title='bbox 309 4183 381 4248; x_wconf 90' lang='lat' dir='ltr'>inde</span> <span class='ocrx_word' id='word_1_368' title='bbox 415 4184 548 4265; x_wconf 81' lang='lat' dir='ltr'>profecti</span> <span class='ocrx_word' id='word_1_369' title='bbox 582 4200 663 4247; x_wconf 88' lang='lat' dir='ltr'>nona</span> <span class='ocrx_word' id='word_1_370' title='bbox 696 4185 867 4265; x_wconf 83' lang='lat' dir='ltr'>quaedam,</span> <span class='ocrx_word' id='word_1_371' title='bbox 902 4200 978 4264; x_wconf 87' lang='lat' dir='ltr'>quae</span> <span class='ocrx_word' id='word_1_372' title='bbox 1001 4182 1034 4246; x_wconf 95' lang='lat' dir='ltr'>in</span> <span class='ocrx_word' id='word_1_373' title='bbox 1058 4183 1184 4265; x_wconf 83' lang='lat' dir='ltr'>papyris</span> <span class='ocrx_word' id='word_1_374' title='bbox 1206 4179 1285 4244; x_wconf 91' lang='lat' dir='ltr'>meis</span> <span class='ocrx_word' id='word_1_375' title='bbox 1307 4181 1444 4263; x_wconf 92' lang='lat' dir='ltr'>primum</span> 
     </span>
     <span class='ocr_line' id='line_1_39' title="bbox 104 4287 512 4371; baseline -0.002 -21"><span class='ocrx_word' id='word_1_376' title='bbox 104 4291 282 4365; x_wconf 85' lang='lat' dir='ltr'>occurrunt,</span> <span class='ocrx_word' id='word_1_377' title='bbox 306 4287 512 4371; x_wconf 88' lang='lat' dir='ltr'>disputemus.</span> 
     </span>
    </p>

    <p class='ocr_par' dir='ltr' id='par_1_7' title="bbox 105 4384 1446 4680">
     <span class='ocr_line' id='line_1_40' title="bbox 209 4384 1444 4475; baseline -0.006 -19"><span class='ocrx_word' id='word_1_378' title='bbox 209 4391 306 4456; x_wconf 89' lang='lat' dir='ltr'>Vides</span> <span class='ocrx_word' id='word_1_379' title='bbox 336 4392 434 4475; x_wconf 86' lang='lat' dir='ltr'>igitur</span> <span class='ocrx_word' id='word_1_380' title='bbox 462 4391 618 4456; x_wconf 88' lang='lat' dir='ltr'>nomisma</span> <span class='ocrx_word' id='word_1_381' title='bbox 647 4389 745 4456; x_wconf 86' lang='lat' dir='ltr'>fuisse</span> <span class='ocrx_word' id='word_1_382' title='bbox 775 4391 910 4456; x_wconf 88' lang='lat' dir='ltr'>solidum</span> <span class='ocrx_word' id='word_1_383' title='bbox 940 4408 1071 4455; x_wconf 91' lang='lat' dir='ltr'>aureum</span> <span class='ocrx_word' id='word_1_384' title='bbox 1100 4388 1152 4454; x_wconf 89' lang='lat' dir='ltr'>nel</span> <span class='ocrx_word' id='word_1_385' title='bbox 1180 4391 1362 4471; x_wconf 86' lang='lat' dir='ltr'>argenteum</span> <span class='ocrx_word' id='word_1_386' title='bbox 1393 4384 1444 4450; x_wconf 89' lang='lat' dir='ltr'>uel</span> 
     </span>
     <span class='ocr_line' id='line_1_41' title="bbox 106 4490 1445 4578; baseline -0.007 -14"><span class='ocrx_word' id='word_1_387' title='bbox 106 4515 240 4564; x_wconf 86' lang='lat' dir='ltr'>aereum.</span> <span class='ocrx_word' id='word_1_388' title='bbox 274 4499 406 4578; x_wconf 91' lang='lat' dir='ltr'>putasne</span> <span class='ocrx_word' id='word_1_389' title='bbox 427 4514 535 4561; x_wconf 90' lang='lat' dir='ltr'>reuera</span> <span class='ocrx_word' id='word_1_390' title='bbox 558 4512 631 4559; x_wconf 86' lang='lat' dir='ltr'>aera</span> <span class='ocrx_word' id='word_1_391' title='bbox 653 4514 732 4577; x_wconf 91' lang='lat' dir='ltr'>quae</span> <span class='ocrx_word' id='word_1_392' title='bbox 754 4495 846 4560; x_wconf 91' lang='lat' dir='ltr'>solidi</span> <span class='ocrx_word' id='word_1_393' title='bbox 869 4495 1008 4577; x_wconf 88' lang='lat' dir='ltr'>pretium</span> <span class='ocrx_word' id='word_1_394' title='bbox 1031 4492 1266 4577; x_wconf 88' lang='lat' dir='ltr'>aequiperarent</span> <span class='ocrx_word' id='word_1_395' title='bbox 1288 4492 1308 4557; x_wconf 91' lang='lat' dir='ltr'>i.</span> <span class='ocrx_word' id='word_1_396' title='bbox 1325 4510 1350 4556; x_wconf 88' lang='lat' dir='ltr'>e.</span> <span class='ocrx_word' id='word_1_397' title='bbox 1375 4490 1445 4572; x_wconf 92' lang='lat' dir='ltr'>plus</span> 
     </span>
     <span class='ocr_line' id='line_1_42' title="bbox 105 4593 1446 4680; baseline -0.007 -14"><span class='ocrx_word' id='word_1_398' title='bbox 105 4601 165 4666; x_wconf 92' lang='lat' dir='ltr'>XX</span> <span class='ocrx_word' id='word_1_399' title='bbox 194 4602 257 4666; x_wconf 89' lang='lat' dir='ltr'>fera</span> <span class='ocrx_word' id='word_1_400' title='bbox 286 4599 438 4665; x_wconf 89' lang='lat' dir='ltr'>librarum</span> <span class='ocrx_word' id='word_1_401' title='bbox 466 4617 539 4664; x_wconf 89' lang='lat' dir='ltr'>cusa</span> <span class='ocrx_word' id='word_1_402' title='bbox 567 4599 658 4663; x_wconf 81' lang='lat' dir='ltr'>esse?</span> <span class='ocrx_word' id='word_1_403' title='bbox 694 4598 771 4664; x_wconf 90' lang='lat' dir='ltr'>adde</span> <span class='ocrx_word' id='word_1_404' title='bbox 800 4599 882 4680; x_wconf 92' lang='lat' dir='ltr'>quod</span> <span class='ocrx_word' id='word_1_405' title='bbox 910 4597 994 4664; x_wconf 84' lang='lat' dir='ltr'>tollis</span> <span class='ocrx_word' id='word_1_406' title='bbox 1024 4600 1150 4662; x_wconf 90' lang='lat' dir='ltr'>moneta</span> <span class='ocrx_word' id='word_1_407' title='bbox 1178 4614 1290 4679; x_wconf 91' lang='lat' dir='ltr'>cuprea</span> <span class='ocrx_word' id='word_1_408' title='bbox 1321 4593 1446 4659; x_wconf 91' lang='lat' dir='ltr'>uidetur</span> 
     </span>
    </p>
   </div>
   <div class='ocr_carea' id='block_1_3' title="bbox 0 0 1706 5216">
    <p class='ocr_par' dir='ltr' id='par_1_8' title="bbox 0 0 1706 5216">
     <span class='ocr_line' id='line_1_43' title="bbox 0 0 1706 5216; baseline 0 0"><span class='ocrx_word' id='word_1_409' title='bbox 0 0 1706 5216; x_wconf 95' lang='lat' dir='ltr'> </span> 
     </span>
    </p>
   </div>
  </div>
 </body>
</html>
