3376 5200
1400 287 1440 351 15

206 477 388 543 Prouinciao
411 480 516 544 autem
537 477 583 541 VI
611 483 698 542 erant
726 477 826 559 Libya
855 476 994 559 superior
1022 474 1120 558 Libya
1146 476 1275 540 interior
1304 476 1439 543 Thebais
1563 457 1567 464 ⁵

100 581 266 662 Aegyptus
289 581 425 646 Arcadia
441 583 725 666 Augusta(m)nica.
746 582 842 662 atque
859 581 993 646 Arcadia
1009 579 1135 662 quidem
1147 580 1309 661 prouincia
1324 599 1438 646 nomen

97 686 142 750 ab
162 685 348 768 imperatore
371 686 502 750 Arcadio
525 685 645 767 aceepit
669 683 720 765 (oi.
744 682 854 765 Cyrilli
876 683 964 767 epist.
988 682 1027 747 ad
1049 683 1149 748 Attic.
1172 703 1202 766 p.
1226 681 1291 746 205
1320 683 1437 749 Concil.

100 787 221 869 Ephes.
245 805 295 870 pg.
318 788 392 867 474,
417 787 601 870 Wesseling.
625 786 665 851 ad
680 786 824 851 Ilustath.
843 787 1103 852 commentarium
1125 787 1158 850 in
1176 785 1304 869 Dionys.
1320 788 1437 870 perieg.

102 890 142 954 V.
166 890 239 956 251.
265 891 313 955 ὅτι
336 893 354 969 ἡ
378 891 443 956 κατ’
468 890 627 985 Αἴγυπτον
652 890 841 956 Ἑπτάπολιε
865 893 915 956 καὶ
938 890 1088 969 Ἀρκαδία
1111 890 1155 954 ὡ(
1178 892 1242 955 ἀπὸ
1266 895 1323 955 τοῦ
1354 897 1438 968 docr-

100 996 185 1060 λέωε
208 994 377 1073 Ἀρκαδίου
401 996 533 1074 ὕετερον
556 995 671 1072 ἐκλήθη
694 995 758 1073 πρὸ
783 997 819 1060 δὲ
841 995 959 1059 τούτου
991 993 1178 1072 Ἑπτάνομι(
1201 995 1219 1072 ἢ
1248 993 1441 1073 Ἑπτανομία

102 1097 298 1176 ὠνομάεθη).
315 1097 501 1162 Ammianus
517 1097 716 1162 Marcellinus
732 1114 803 1161 uero
819 1095 911 1160 XXII
929 1096 980 1176 16,
998 1096 1014 1157 1
1033 1098 1105 1160 ante
1120 1095 1290 1159 Arcadium
1304 1096 1332 1159 V
1344 1095 1441 1161 fuisse

57 1189 62 1194 ’
100 1200 281 1282 prouincias
304 1200 472 1265 memoriae
494 1199 640 1282 prodidit.
664 1237 706 1246 -
729 1203 822 1280 atque
845 1196 1001 1282 praesides
1024 1200 1089 1262 siue
1122 1198 1280 1279 ἡγεμόνα(
1302 1200 1438 1282 quinque

102 1306 327 1368 commemorat
350 1303 377 1367 is
400 1305 453 1385 qui
476 1303 602 1385 scripsit
627 1302 785 1367 Notitiam
808 1303 910 1382 Dign.,
935 1301 1050 1384 Libyae
1073 1301 1241 1384 superioris
1259 1300 1374 1386 Libyae
1390 1301 1441 1367 in·

104 1405 228 1470 ferioris
251 1405 419 1469 Thebaidis
450 1407 586 1490 Aegypti
616 1405 776 1469 Arcadiae.
809 1405 905 1469 etiam
936 1403 1203 1487 Augustamnicae
1227 1423 1350 1486 praeses
1374 1406 1440 1471 erat

104 1508 280 1590 praefectus
302 1509 392 1572 initio
416 1508 541 1591 quidem
565 1507 619 1592 (el.
637 1505 711 1572 (lod.
728 1507 844 1572 Theod.
862 1507 899 1570 de
915 1509 1070 1572 decurion.
1088 1508 1112 1570 L
1128 1507 1194 1588 34),
1211 1516 1320 1591 postea
1336 1512 1441 1572 autem

105 1611 315 1694 magistratus
338 1611 487 1695 superior,
511 1610 565 1692 qui
588 1609 759 1674 uocabatur
780 1610 947 1685 corrector3
972 1610 1043 1673 inde
1072 1609 1110 1674 ab
1142 1629 1224 1674 anno
1253 1611 1318 1674 436
1348 1611 1442 1675 dimi-

108 1715 210 1779 diatae
234 1715 416 1796 prouinciae
438 1717 561 1796 partem
583 1713 716 1776 alteram
740 1711 878 1776 obtinuit
893 1714 1054 1788 corrector,
1079 1715 1212 1778 alteram
1228 1733 1351 1796 praeses
1368 1733 1442 1780 oon-

111 1817 222 1883 sularis
245 1817 300 1902 (cf.
323 1817 490 1900 Boeching.
508 1818 548 1881 ad
564 1815 638 1880 Not.
656 1816 750 1898 Dign.
765 1833 794 1896 p.
811 1815 872 1879 517
891 1816 946 1896 n).
970 1815 1026 1879 sub
1044 1815 1246 1898 dispositione
1262 1817 1443 1898 praesidum

111 1921 200 1985 erant
215 1921 389 1986 cohortales
406 1921 471 1985 siue
494 1919 680 1985 cohortalini
696 1918 775 2003 (cod.
794 1918 909 1982 Theod.
927 1919 964 1984 de
980 1919 1043 1983 ind.
1061 1919 1086 1982 L
1102 1918 1148 2000 3),
1165 1921 1275 2004 quibus
1291 1920 1444 2002 parebant

105 2025 254 2108 pagarchi
278 2025 329 2088 uel
351 2023 500 2106 praefecti
523 2023 604 2088 uicis
626 2023 693 2087 sine
715 2021 814 2104 pagis,
850 2023 902 2102 qui
925 2021 1051 2103 quidem
1074 2023 1196 2087 tributa
1218 2027 1248 2087 et
1272 2023 1444 2106 uectigalia

104 2127 233 2209 publica
255 2128 288 2191 in
311 2127 388 2191 uicis
412 2126 545 2209 singulis
569 2126 732 2208 erigebant
755 2125 794 2188 cl.
818 2123 932 2188 lustin.
955 2125 1012 2191 Ed.
1035 2125 1124 2203 XIII,
1151 2127 1168 2190 I
1194 2127 1231 2190 cl.
1256 2127 1312 2192 Φλ.
1337 2125 1444 2214 Μην[ᾷ

105 2227 167 2316 τ]ῷ
200 2231 401 2314 ἐνδοξοτάτῳ
430 2237 593 2311 ετρατηγῷ
624 2230 674 2292 καὶ
703 2227 858 2310 παγάρχῳ
887 2232 942 2306 τῆ(
976 2227 1179 2308 Ἀρεινοῖτων
1208 2232 1362 2313 π(όλεωε)
1385 2235 1445 2297 ,καὶ

104 2336 423 2399 Θεοδοειουπολιτῶν
452 2337 483 2396 11
512 2351 563 2414 pp.
594 2333 623 2395 D
652 2329 719 2394 58.
745 2378 751 2392 .
782 2327 961 2416 udlrooxoc
989 2337 1044 2410 τῆς
1069 2332 1286 2415 Ἀ[ρεινοῖτων
1308 2336 1444 2402 πόλεως.

103 2436 233 2502 tributis
256 2437 355 2519 igitur
378 2437 536 2520 erigendis
571 2435 740 2519 praepositi
772 2439 859 2498 erant
888 2439 919 2499 et
943 2434 1198 2501 administrandIs
1230 2438 1377 2519 pagarchi
1411 2439 1445 2503 in

103 2540 186 2605 uicis
209 2542 241 2603 11
264 2540 472 2621 cephaliotae,
508 2541 540 2604 in
566 2537 750 2604 ciuitatibus
774 2537 907 2602 curiales
931 2543 962 2602 et
987 2538 1182 2616 defensores,
1216 2538 1249 2602 in
1273 2541 1441 2622 prouinciis

105 2637 285 2726 praesides,
308 2643 415 2708 comiti
438 2647 545 2708 autem
567 2661 726 2707 sacrarum
743 2642 957 2724 largitIonum,
981 2643 1036 2725 qui
1051 2644 1150 2707 totius
1166 2644 1291 2727 imperii
1306 2645 1444 2710 reditum

104 2744 363 2823 administrabat,
388 2765 482 2828 aeque
507 2765 543 2810 ao
566 2745 744 2828 praelectus
761 2746 946 2827 Augustalis
970 2745 1104 2811 reditum
1121 2747 1267 2831 Aegypti,
1291 2750 1443 2829 parebant

105 2867 214 2914 comes
236 2849 441 2932 largitionum
464 2869 518 2932 per
541 2849 720 2932 Aegyptum
744 2853 775 2912 et
798 2866 900 2913 comes
924 2849 1179 2914 commerciorum
1202 2869 1256 2931 per
1280 2849 1442 2915 Orientem

106 2955 142 3016 11
165 2951 343 3035 Aegyptum
371 2950 421 3034 (oi.
447 2952 520 3016 Not.
546 2952 638 3034 Dign.
664 2970 695 3032 p.
718 2950 758 3014 41
790 2952 821 3015 11
845 2951 991 3034 Boechg.)
1023 2954 1055 3015 et
1086 2970 1188 3017 comes
1218 2956 1250 3018 et
1281 2954 1445 3019 rationalis

106 3073 319 3138 summarum,
344 3058 396 3137 qui
418 3055 629 3139 procuratoris
642 3053 779 3136 Aegypti
795 3053 898 3118 locum
917 3054 971 3135 (cf.
987 3051 1139 3119 Nerutsos
1155 3075 1185 3137 p.
1202 3055 1244 3120 34
1260 3055 1446 3123 Ἐνκόλπιοε

106 3158 295 3238 ἐπίτροπος)
320 3157 468 3223 obtinuit.
501 3157 651 3222 comitum
674 3156 881 3238 complurium
903 3157 1021 3222 mentio
1044 3157 1081 3221 fit
1103 3158 1137 3221 in
1159 3177 1229 3241 pap.
1254 3158 1282 3221 D
1309 3159 1372 3224 100

596 3281 642 3323 τω
667 3256 746 3337 κομη
773 3264 866 3324 veto

596 3384 642 3426 τω
666 3360 745 3440 κομη
776 3367 932 3442 φιλοξενω

598 3487 644 3530 τω
667 3464 746 3544 κομη
774 3471 872 3545 borch,
898 3468 961 3551 (ίῳ)

595 3591 641 3632 τω
665 3569 744 3648 κομη
772 3576 872 3651 εαμβα

597 3675 745 3753 τω1ομη
773 3695 879 3754 πετρω

596 3798 642 3840 τω
665 3777 744 3857 κομη
771 3799 881 3856 εεργιω

111 3880 190 3943 adde
212 3878 269 3960 Pp.
293 3880 320 3942 D
345 3879 384 3942 19
407 3898 544 3957 κομητοε
568 3881 747 3964 διακο(νου)
773 3881 880 3945 Λουκα

596 3982 653 4064 Pp.
678 3985 767 4048 [197
792 4005 874 4061 rops.

216 4100 386 4165 Iustiniani
409 4103 539 4185 denique
562 4103 701 4183 tempore
722 4105 863 4184 potestas
886 4101 1035 4184 preelecti
1057 4103 1242 4187 Augustalis
1264 4103 1380 4167 iterum
1395 4103 1445 4168 in·

115 4203 239 4267 minuta
261 4205 316 4268 est.
341 4207 433 4286 atque
456 4205 634 4289 praefectus
650 4205 835 4289 Augustalis
850 4205 987 4289 praefuit
1000 4206 1143 4290 Aegypto
1158 4206 1335 4290 bipertitae,
1359 4209 1446 4272 cuius

112 4307 218 4387 partes
241 4306 392 4389 parebant
414 4307 619 4390 praesidibus,
642 4310 674 4374 et
697 4309 906 4374 Alexandriae
931 4308 986 4391 (cf.
1017 4309 1182 4391 inprimis
1205 4309 1319 4375 Iastia.
1342 4308 1446 4375 Ldiot.

115 4408 196 4473 XIII
219 4409 257 4474 de
279 4411 469 4476 Alexandria
491 4415 522 4476 11
545 4410 583 4476 de
604 4429 690 4494 prou.
708 4411 875 4496 Aegypto).
892 4411 1086 4478 Thebaidem
1102 4414 1196 4490 enirn,
1220 4411 1328 4477 eodem
1345 4411 1445 4489 modo,

117 4528 176 4593 quo
200 4513 390 4595 Aegyptum,
414 4515 596 4598 bipertitam
617 4515 797 4599 adsignauit
818 4516 1012 4581 Iustinianus
1028 4517 1099 4582 duci
1116 4515 1296 4591 Thebaidis
1312 4515 1447 4598 Libyam

116 4612 189 4679 duci
213 4614 339 4697 Libyae.
364 4618 488 4700 utrique
510 4617 581 4684 duci
604 4617 712 4684 eadem
728 4618 877 4701 dignitas,
901 4637 980 4701 quae
1003 4625 1070 4686 erat
1085 4618 1240 4701 praefecto
1264 4619 1443 4701 Augustali,

1670 4701 1683 4771 1
