3372 5216
1412 275 1454 344 55

223 463 324 529 τόπος
353 464 538 530 uocabulum
569 467 599 530 in
628 483 698 547 pap.
717 468 887 547 usurpatur
915 464 1064 543 debeis,
1088 464 1142 548 qui
1165 483 1236 532 sene
1258 465 1346 547 digni
1369 468 1458 532 erant

122 566 348 651 significatione
368 568 471 649 magis
494 567 642 633 adcurate
665 569 705 632 cf.
729 587 799 651 pap.
823 567 923 632 Poris.
951 567 989 632 18
1013 569 1067 632 liu.
1092 569 1187 634 6ss.:
1216 571 1390 648 γόργευςον
1412 575 1458 654 τῷ

120 671 182 755 υἱῷ
205 691 266 749 μου
290 671 352 734 ἕως
374 670 563 749 ἀπέλθωμεν
585 671 629 736 εἰς
651 672 709 736 τὸν
731 671 834 736 τόπον
857 692 935 751 μου·
968 672 1025 737 ἐὰν
1047 671 1177 740 ἀπέλθω
1201 673 1246 738 εἰς
1274 674 1332 737 τόν
1355 673 1458 737 τόπον

121 774 173 837 καὶ
195 772 255 837 ibus
279 774 337 839 τὸν
358 773 462 839 τόπον
484 775 601 853 πέμψω
626 774 676 840 ἐπὶ
693 771 760 864 [cdl.
784 774 850 840 iem
873 776 966 854 ψιλὸς
979 775 1090 841 Ιτόπος
1113 775 1163 839 uel
1185 776 1362 854 ψιλοτόπος
1386 793 1458 839 eum

119 875 204 941 idom
232 876 352 940 ualeret
374 874 456 957 quod
478 875 537 942 οὐκ
560 877 787 959 ᾡκοόομημένη
811 877 904 953 οἰκία,
939 878 1028 941 facile
1059 878 1162 959 potuit
1191 878 1255 942 diei
1282 878 1381 943 τόπος
1404 895 1458 961 pro

120 979 274 1044 domicilii
296 982 394 1061 porte.
421 978 669 1062 (franco-gallice
690 978 799 1064 pibce.)

223 1080 547 1169 τουουοντουςμηνος]
578 1084 610 1148 in
634 1086 741 1166 aperto
764 1084 811 1148 est
833 1083 997 1148 librarium
1019 1101 1055 1147 ex
1077 1082 1156 1147 uitio
1179 1082 1353 1148 exercuisse
1376 1081 1458 1146 mira

122 1183 199 1249 haec
232 1184 351 1261 uerbo;
386 1185 553 1268 respondet
585 1186 690 1250 autem
724 1207 1039 1265 τουουοντουςμηνος
1072 1186 1111 1250 iis
1134 1204 1213 1269 quae
1235 1189 1381 1250 secuntur
1403 1189 1459 1264 τῆς

118 1289 281 1366 παρούςης
304 1288 512 1367 ἰνδικτιῶνος;
543 1308 620 1372 ουτω
649 1307 721 1353 oum
748 1290 796 1354 ita
823 1290 896 1367 sint,
926 1290 992 1354 sine
1019 1289 1114 1354 dubio
1136 1288 1305 1371 legendum
1328 1293 1376 1353 est
1398 1293 1456 1353 τοῦ

117 1394 176 1455 νῦν
193 1389 288 1456 ὄντος
305 1393 405 1471 μηνός
430 1394 494 1476 (nel
517 1397 575 1458 τοῦ
599 1393 760 1472 παρόντος
782 1394 906 1473 μηνός).
932 1392 1098 1457 conferatis
1117 1391 1240 1457 dicendi
1256 1409 1355 1475 genus
1370 1391 1453 1456 idem

118 1491 151 1559 in
173 1512 227 1575 pp.
251 1493 333 1559 D68
364 1500 422 1561 τοῦ
452 1496 613 1575 παρόντος
634 1492 745 1581 μηνὸ[ς
769 1496 849 1579 obp}
873 1500 929 1575 τῆς
951 1496 1113 1575 παρούςης
1135 1500 1154 1560 ό
1177 1495 1370 1561 ἰνδικτιῶνος
1393 1495 1454 1558 D6

117 1599 190 1676 μηνὶ
213 1601 377 1678 φαρμουθὶ
399 1605 454 1678 τῆς
477 1601 638 1678 παρούςης
661 1601 812 1678 δευτέρας
840 1599 1042 1664 ἰνόικτιῶνος.
1073 1599 1166 1680 atquo
1194 1598 1452 1676 eademratione,

119 1719 180 1782 qua
212 1701 249 1765 de
278 1703 438 1783 praesente
472 1706 613 1784 tempore
647 1702 810 1767 dicebatur
839 1703 1014 1781 παροόςης,
1050 1703 1156 1766 eedem
1188 1701 1255 1767 dico
1277 1701 1396 1766 ratione
1418 1702 1456 1767 de

118 1804 227 1869 futuro
251 1808 390 1887 tempore
413 1806 553 1889 proxime
577 1807 784 1872 adhibebatur
808 1805 996 1871 uocabulum
1020 1805 1180 1883 εἰςιούςης.

222 1907 459 1973 conducebatur
481 1910 588 1974 autem
610 1910 720 1974 domus
743 1928 798 1993 per
821 1912 921 1973 totum
946 1927 1062 1973 annum
1085 1907 1158 1972 indo
1179 1907 1218 1972 ab
1242 1907 1333 1973 initio
1355 1927 1453 1990 usque

116 2010 155 2075 ad
178 2011 274 2076 finem
298 2011 477 2077 indictionis
502 2009 728 2093 toroucimc.⁴¹)
761 2013 823 2076 iam
846 2009 1010 2093 intelleges
1033 2029 1078 2088 ea,
1103 2030 1181 2092 quae
1204 2015 1327 2076 exstant
1349 2013 1380 2076 in
1401 2031 1453 2095 pp.

119 2114 145 2178 D
160 2115 204 2180 10
226 2116 360 2197 eleganti
377 2115 553 2199 fragmento
569 2113 769 2179 instrumenti
786 2116 895 2178 domus
911 2112 1150 2194 uendendae⁴⁹)‚
1167 2131 1227 2195 quo
1243 2115 1369 2197 quidem
1384 2115 1452 2179 loeo

118 2217 284 2282 Philoxeni
308 2218 469 2282 cuiusdam
492 2218 561 2281 iura
583 2220 614 2280 et
637 2217 803 2299 priuilegia
826 2218 1064 2298 enumerantur,
1095 2236 1131 2280 ex
1153 2216 1266 2297 quibus
1288 2236 1385 2282 unum
1408 2221 1455 2281 est

116 2320 190 2385 hoc:
225 2322 472 2400 προςοόεύεςθαι
501 2321 671 2386 ἐνιαυςίως.
706 2319 848 2402 tangitur
876 2319 983 2400 itaque
1010 2336 1122 2397 usura,
1157 2337 1235 2400 quae
1264 2324 1311 2384 est
1332 2319 1452 2385 fructus

117 2423 293 2488 domorum.
317 2428 440 2487 exstant
463 2427 569 2487 autem
591 2424 623 2487 in
646 2443 697 2506 pp.
721 2423 802 2487 meis
826 2440 990 2485 usurarum
1014 2421 1159 2503 tabellae,
1184 2422 1298 2504 quibus
1320 2423 1453 2506 inscrip-

119 2527 189 2590 tum
213 2529 261 2591 est
284 2527 379 2603 λόγος
401 2530 460 2591 τοῦ
482 2525 604 2605 (τόκου)
629 2528 750 2592 ἐκτῶν
773 2527 928 2592 ἐνοικίων.

223 2647 292 2711 Iam
314 2646 348 2710 in
371 2647 520 2729 opusculo
543 2648 593 2712 cui
616 2647 764 2731 inscripsi
786 2647 841 2712 der
863 2647 990 2713 Wiener
1011 2645 1154 2730 Papyrus
1177 2645 1233 2711 Nr.
1257 2647 1299 2713 26
1322 2648 1452 2711 όοωοπ-

116 2753 216 2816 straui
239 2752 325 2814 etin
353 2750 571 2815 instrumentis
600 2752 717 2832 graecis
746 2754 778 2814 et
807 2751 840 2815 in
863 2749 1036 2831 dometicis,
1066 2750 1219 2831 quantum
1242 2751 1283 2813 sit
1306 2750 1452 2830 pretium,

116 2853 252 2919 indicari
275 2872 346 2918 oum
370 2853 483 2918 litteris
506 2857 576 2919 tum
599 2855 747 2929 numeris,
772 2855 860 2919 cuins
883 2855 929 2918 rei
952 2853 1093 2934 exempla
1115 2852 1216 2917 adtuli
1240 2853 1331 2917 haec:

220 2974 254 3037 P.
271 2973 365 3040 Vind.
389 2974 430 3038 26
629 2979 719 3040 τελος
744 2983 987 3054 <preduxerunt

219 3077 255 3140 P.
278 3076 412 3143 Parisin.
436 3076 532 3142 15ter
629 3082 719 3142 τελος
742 3099 918 3156 τριακοςιας
941 3078 968 3140 τ’

219 3178 255 3243 Ρ.
278 3180 413 3244 Parisin.
440 3179 535 3246 15bis
629 3185 719 3246 τελος
743 3202 918 3260 τριακοςιας
942 3183 967 3244 τ’

217 3283 253 3347 Ρ.
277 3283 414 3347 Berelin.
439 3285 502 3348 36
630 3289 720 3349 τελος
744 3305 926 3349 εννακοςιας
949 3280 990 3362 [Γ

215 3387 252 3450 Ρ.
276 3385 403 3451 Teurin.
442 3385 462 3448 2
483 3387 506 3448 0
629 3382 743 3474 τεΙλοςΙ
769 3408 786 3449 τ
808 3408 986 3465 τριακοςιας

220 3489 254 3555 0.
270 3489 296 3552 Ι.
313 3487 349 3554 G.
373 3489 491 3553 48621)
514 3487 554 3552 Ν.
572 3491 607 3554 Β.
631 3494 720 3555 τέλος
743 3511 948 3555 πεντακοςιας
971 3487 1047 3570 0⁴³)

223 3700 253 3761 ⁴⁰)
272 3699 340 3753 hanc
358 3699 550 3753 tandummodo
568 3702 670 3768 partem
688 3698 805 3767 respexit
822 3700 855 3764 is,
873 3701 920 3769 qui
938 3701 966 3754 in
986 3699 1078 3768 papyri
1098 3702 1174 3768 parte
1192 3712 1285 3751 auersa
1297 3694 1452 3750 relationem

116 3785 144 3837 in
164 3785 286 3839 tabulam
305 3785 404 3839 factam
423 3785 545 3854 scripsit:
566 3785 695 3851 μίςθωςις
713 3787 803 3840 τόπου
824 3787 897 3840 ἑνός.
916 3816 949 3824 -
968 3786 1014 3839 sed
1033 3786 1087 3839 ism
1107 3784 1172 3854 proi.
1185 3783 1282 3837 Hartel
1299 3797 1375 3836 suam
1393 3797 1452 3835 sen·

117 3872 233 3926 tentiam
260 3871 318 3925 sine
344 3871 426 3925 dubio
452 3873 554 3925 rectem
581 3888 665 3940 nuper
695 3872 807 3940 benigno
831 3888 931 3924 mecum
960 3871 1182 3935 communicanit3
1214 3871 1272 3924 „ich
1292 3869 1453 3924 construiere

118 3961 194 4022 ομολ
221 3975 283 4024 μεμ.
307 3975 362 4013 arro
386 3976 447 4012 των
466 3975 658 4026 οπαρχοντων
746 3977 852 4013 ενοικια
872 3963 916 4025 (=
935 3958 1077 4026 ἐνοικίων)
1096 3974 1281 4026 ανεῳγμενον
1301 3961 1343 4021 (--
1362 3955 1455 4023 ἀνεῳ-

119 4045 244 4111 γμένων)
263 4060 302 4098 εις
320 4046 343 4098 λ.
364 4062 395 4098 εν
413 4062 449 4111 τη
470 4046 592 4113 όευτερα
612 4061 697 4112 ςτεγη
717 4062 808 4100 τοπον
827 4063 879 4099 ενα
898 4062 925 4100 α.
944 4063 966 4099 ε.
987 4050 1019 4111 β.,
1047 4044 1073 4097 d.
1092 4042 1313 4099 αἰόλλονται
1332 4041 1392 4094 dem
1410 4040 1454 4093 dir

119 4131 282 4198 gehbrenden
310 4131 376 4185 nach
401 4130 508 4184 Westen
536 4131 710 4184 orientierteu
734 4131 825 4185 Hanse
850 4133 925 4199 (oder
954 4129 1241 4200 Wohnungscomplex)
1264 4128 1340 4181 einen
1364 4126 1452 4179 Reum

118 4218 184 4270 nach
203 4216 311 4270 Norden
335 4217 489 4288 orientiert,
517 4218 564 4271 der
585 4219 624 4271 im
645 4219 755 4271 nweiten
775 4219 856 4273 Stock
874 4219 951 4287 liegt,
972 4217 1143 4286 gemiethet«.

222 4320 253 4386 ⁴¹)
272 4320 317 4374 uel
335 4321 425 4389 potius
445 4337 460 4374 a
477 4321 530 4374 flue
548 4321 629 4375 unius
647 4336 730 4390 usqne
748 4321 782 4374 ad
800 4321 879 4374 finem
899 4321 1010 4374 alterius
1028 4319 1199 4382 indictionis;
1217 4334 1249 4372 en
1268 4316 1350 4370 habes
1369 4331 1453 4370 exem-

119 4405 193 4474 plum
210 4407 377 4460 morositatis
394 4408 581 4476 Aegyptiacae.

221 4510 254 4576 ⁴²)
273 4508 306 4562 cl.
327 4525 406 4578 snpra
424 4525 484 4576 pag.
504 4513 545 4560 38,

219 4612 250 4680 ⁴³)
271 4611 376 4665 Wiener
395 4610 507 4664 Studien
527 4610 566 4665 IV
584 4626 646 4678 pag.
666 4615 690 4662 8.
