3376 5200
1409 335 1427 398 l

64 519 277 584 obtineant?
314 522 503 586 contrarium
527 525 574 586 est
596 523 797 604 genusrude
827 521 982 604 quoddam
1013 523 1207 589 inconditum
1235 524 1425 605 impolitum.

60 622 198 688 aridum
212 618 332 688 'manu
355 627 459 688 tenere
482 623 593 687 folium
622 622 681 687 tibi
713 624 838 688 uideris.
867 642 904 689 ac
931 645 1004 690 sane
1032 625 1156 690 litterae
1190 628 1329 690 exaratae
1352 627 1428 690 sunt

59 723 169 809 2720111
196 725 334 810 longae,
358 727 390 791 id
407 727 489 808 quod
504 725 606 791 iacere
623 725 730 792 debuit
746 728 782 805 ie,
807 728 860 809 qui
876 729 907 791 in
924 729 981 792 tali
997 727 1154 792 scribebat
1170 730 1311 793 materia.
1335 730 1427 793 huius

58 828 196 911 generis
233 829 357 912 papyri
384 829 597 912 fragmentum
626 847 682 912 ege
712 831 858 896 manibus
888 832 1013 896 uersaui
1042 832 1118 897 45οιῃ
1142 831 1253 896 latum.
1297 833 1428 897 tertium

59 951 170 1014 genus
205 932 511 1014 frequentissimum
540 935 701 1014 tamquam
731 933 872 998 medium
900 936 1021 1000 obtinet
1049 935 1169 1009 locum;
1200 937 1273 998 sunt
1303 936 1427 1000 chartae

59 1035 283 1100 miserrimae
313 1053 390 1116 quae
413 1035 534 1099 lacunis
564 1041 703 1114 scatent,
734 1054 866 1117 quarum
895 1038 1001 1119 partes
1031 1035 1207 1121 superiores
1236 1037 1426 1119 scripturam

59 1139 242 1202 exaratam
267 1138 407 1202 ferentes
431 1138 643 1203 discesserunt
665 1142 704 1204 ab
726 1139 938 1204 inferioribus.
962 1142 1040 1206 addo
1071 1143 1151 1224 quod
1181 1143 1214 1206 iu
1244 1141 1357 1206 iisdem
1387 1162 1426 1206 ne

61 1240 178 1320 ipsum
204 1242 347 1323 quidem
371 1245 586 1305 atramentum
608 1243 758 1324 temporis
782 1241 913 1307 iniurias
938 1243 1017 1308 ferre
1032 1245 1147 1327 potuit,
1164 1244 1246 1325 quod
1263 1244 1426 1327 pleraeque

65 1343 203 1407 chartae
235 1344 479 1428 conglutinatae
510 1344 757 1426 (κεκολλημέναι)
790 1349 973 1428 consumpto
1002 1347 1125 1428 glutine
1155 1348 1187 1410 in
1220 1347 1322 1411 medio
1354 1350 1429 1412 sunt

71 1447 207 1510 scissae.
231 1447 319 1510 haec
340 1447 526 1528 quaemodo
543 1450 796 1512 enumerauimus
812 1467 884 1513 cum
899 1450 1077 1532 temporum
1093 1449 1227 1515 iniuriae
1243 1450 1309 1515 sint
1325 1450 1428 1515 tribu-

75 1550 170 1631 enda,
201 1551 316 1614 multo
338 1550 437 1631 plura,
461 1569 500 1614 ne
523 1549 626 1614 dicam
649 1551 785 1633 plurima
809 1552 848 1616 ab
865 1552 1041 1617 hominibus
1058 1552 1196 1618 barbaris
1211 1557 1340 1636 peccata
1355 1559 1430 1617 sunt

75 1651 239 1736 intestes
267 1653 326 1717 hos
354 1652 561 1734 antiquitatis,
586 1655 735 1732 omnium,
761 1653 815 1736 qui
838 1656 976 1733 exstant,
1006 1655 1225 1739 fragilissimus
1254 1655 1427 1721 imbecillos

73 1754 228 1818 inermes.
266 1755 385 1818 etenim
408 1755 524 1837 lapides
554 1755 699 1839 inscripti
728 1760 764 1820 ut
793 1757 839 1822 ita
871 1758 975 1822 dicam
1003 1756 1155 1822 firmitate
1185 1776 1255 1822 cum
1285 1778 1352 1824 sese
1375 1764 1429 1824 tu·

75 1859 211 1940 tentur,
239 1858 348 1922 forma
370 1857 488 1940 insigni
512 1861 644 1932 statuae,
668 1860 749 1923 mira
770 1858 872 1943 figura
894 1860 1045 1938 aedificia,
1069 1861 1169 1943 pretio
1185 1862 1429 1943 pulchritudine-

73 1978 134 2041 que
161 1961 296 2026 codices
327 1961 555 2043 manuscripti
584 1963 728 2044 -quid
757 1982 830 2027 uero
861 1963 962 2028 dicam
991 1964 1030 2027 de
1060 1964 1165 2028 charta
1195 1971 1372 2048 papyracea,
1395 1967 1430 2030 in

72 2080 174 2142 quam
193 2082 274 2128 cum
289 2068 361 2128 ante
372 2063 427 2127 hos
440 2062 463 2128 C
479 2081 576 2127 annos
591 2067 718 2148 propter
733 2065 989 2146 superstitionem
1004 2065 1130 2131 flamma
1146 2068 1178 2131 et
1193 2068 1258 2152 igni
1275 2069 1429 2134 saeuitum

72 2165 127 2248 sit,
152 2183 250 2230 nunc
275 2183 347 2229 uero
371 2167 472 2231 cultro
496 2171 527 2230 et
543 2166 647 2232 forfice
663 2169 788 2249 propter
802 2170 926 2232 lucrum
940 2169 1111 2250 exiguum?
1134 2171 1277 2253 equidem
1294 2173 1430 2236 intanta

72 2270 299 2334 multitudine
322 2290 509 2353 papyrorum
533 2289 703 2352 perpaucos
726 2273 850 2336 inuenio
874 2273 1012 2354 integros
1029 2277 1061 2336 et
1077 2274 1194 2354 saluae,
1218 2293 1289 2338 cum
1312 2273 1426 2357 reliqui

76 2371 112 2434 in
136 2372 328 2456 fragmenta
350 2372 483 2438 minima
506 2374 570 2438 sint
582 2373 750 2466 discerpti.
783 2392 860 2456 quae
883 2393 1074 2457 quamquam
1098 2377 1143 2439 ita
1174 2395 1205 2440 se
1234 2377 1360 2453 habent,
1384 2377 1429 2440 eis

28 2497 30 2502 ·
76 2478 194 2557 negari
220 2495 288 2541 non
310 2480 413 2558 potest
435 2479 552 2542 multas
574 2497 624 2541 res
647 2497 742 2542 nouas
758 2480 796 2543 ad
812 2480 952 2543 nostram
968 2478 1153 2543 memoriam
1169 2479 1261 2544 tradi.
1292 2479 1429 2563 Aegypti

79 2581 201 2656 status,
231 2581 286 2663 qui
310 2586 377 2644 erat
400 2581 472 2644 inde
494 2600 513 2644 a
532 2579 579 2645 VI
601 2601 630 2662 p.
655 2580 688 2646 d.
713 2601 743 2645 n.
767 2583 890 2647 saeculo
912 2582 977 2646 fere
999 2581 1179 2664 incognitus
1203 2587 1250 2647 est
1273 2581 1427 2647 tenebris-

78 2701 140 2763 que
158 2685 338 2750 obliuienis
354 2687 499 2759 obrutus3
521 2687 647 2768 papyris
670 2687 775 2750 autem
792 2685 870 2751 meis
886 2705 936 2751 res
951 2687 1014 2752 alia
1029 2686 1084 2762 iit;
1108 2686 1249 2750 homines
1266 2687 1428 2767 tamquam

82 2787 152 2852 uiui
175 2791 361 2872 praesentes
385 2793 456 2853 ante
479 2791 585 2853 oculos
608 2791 730 2854 nostros
754 2810 803 2854 res
827 2809 898 2854 suas
915 2791 1023 2873 agunt.
1048 2808 1083 2854 ac
1099 2809 1171 2854 sane
1187 2789 1330 2853 uidemus
1347 2791 1428 2854 tam·

84 2909 183 2971 quam
208 2893 311 2956 oculis
329 2892 499 2975 dignitates
516 2893 699 2957 muneribus
715 2893 888 2975 iungentes,
905 2893 1046 2956 homines
1063 2879 1212 2970 eruentes,
1229 2893 1427 2964 collocantes,

83 2995 241 3075 pecunias
259 2995 455 3078 accipientes,
478 2996 621 3077 acceptas
643 2998 805 3078 notantes3
830 2996 899 3059 tota
914 2996 1009 3078 regio,
1027 2995 1128 3076 qualis
1145 2999 1212 3058 tum
1231 2997 1308 3069 erat,
1325 2996 1427 3072 urbes,

88 3095 164 3178 uici,
189 3098 318 3162 urbium
348 3098 471 3179 plateae
500 3103 668 3180 portaeque
698 3098 863 3180 emergunt
892 3116 928 3160 er
957 3097 1114 3161 obliuione
1143 3099 1191 3162 tot
1220 3097 1425 3161 saeculorum.

191 3203 314 3278 Restat,
339 3203 374 3264 ut
395 3220 524 3285 agamus
548 3201 586 3264 de
602 3202 776 3264 atramento
799 3201 832 3264 et
846 3199 884 3263 de
907 3199 1069 3281 scriptura.
1094 3200 1187 3281 atque
1212 3204 1425 3264 atramentum

88 3319 124 3365 ex
146 3303 293 3388 iuligone
317 3303 523 3386 compositum
547 3320 620 3379 esse,
644 3319 833 3384 quamquam
857 3306 991 3365 nonest
1019 3301 1100 3383 quod
1130 3320 1292 3383 moneam,
1322 3308 1429 3366 tamen

87 3405 186 3470 miros
212 3425 267 3471 nos
290 3406 403 3470 habere
437 3405 538 3479 debet,
570 3404 651 3486 quod
681 3405 893 3469 atramentum
921 3403 953 3466 id
982 3423 1079 3486 genus
1108 3404 1147 3469 ad
1177 3406 1367 3488 scripturam
1396 3406 1430 3470 in

89 3506 208 3574 chartis
231 3509 427 3592 pergamenis
450 3511 635 3573 exarandam
658 3506 834 3572 adhibitum
864 3512 920 3574 est.
950 3508 1038 3572 cuius
1067 3509 1116 3571 rei
1143 3507 1333 3572 contrarium
1363 3509 1427 3572 etsi

90 3626 164 3674 casu
188 3631 252 3676 non
275 3612 311 3676 iit
333 3614 365 3675 in
388 3613 517 3694 graecis,
541 3611 577 3673 fit
601 3611 760 3674 tamenin
784 3611 913 3692 coptiois
943 3611 1077 3694 papyris.
1109 3609 1292 3691 saepissime
1322 3611 1426 3674 autem

93 3714 308 3779 atramentum
326 3715 359 3777 in
376 3713 483 3777 charta
498 3731 560 3778 uon
583 3713 701 3796 haesit3
725 3731 785 3794 qua
807 3733 842 3777 ex
858 3733 890 3777 re
906 3732 977 3778 cum
996 3712 1125 3796 plurimi
1150 3713 1293 3777 laborent
1307 3714 1427 3796 papyri,

92 3831 326 3899 nonnumquam
351 3835 386 3879 ex
409 3816 488 3880 nolis
510 3834 548 3880 ac
571 3817 713 3899 uestigiis
736 3819 772 3879 ut
796 3816 905 3880 dicunt
928 3816 1106 3880 litterarum
1130 3817 1277 3880 lectiones
1293 3814 1425 3880 elicien-

96 3918 149 3982 dae
174 3922 257 3984 sunt.

196 4024 268 4088 Iam·
293 4022 416 4088 animus
439 4038 494 4085 nos
518 4021 580 4085 fert
601 4022 640 4085 ad
663 4023 796 4086 alteram
817 4041 883 4085 rem
906 4022 1114 4105 tractandam,
1137 4021 1204 4085 dieo
1233 4021 1428 4104 scripturam.

97 4123 186 4206 atque
209 4127 242 4190 in
264 4126 322 4190 hac
344 4145 377 4189 re
399 4126 494 4190 altius
516 4129 692 4207 repetamus
715 4128 847 4206 oportet.
874 4125 937 4190 iam
959 4127 1096 4207 primum
1120 4123 1338 4190 Gardthausen
1361 4124 1429 4188 Pal.

98 4221 149 4310 Gr.
172 4249 200 4312 p.
225 4230 285 4293 lll
310 4229 350 4292 cf.
373 4228 518 4310 Beitrage
534 4247 589 4293 aur
603 4227 720 4311 griech.
736 4228 805 4291 Pal.
829 4229 891 4309 lp.
909 4227 938 4291 4.
963 4228 996 4291 in
1014 4228 1188 4309 opinionem
1204 4225 1326 4306 incidit,
1352 4245 1430 4309 quae

98 4330 218 4408 quidem
253 4349 442 4414 quamquam
477 4333 562 4394 recte
595 4349 627 4394 se
660 4329 771 4405 habet,
809 4332 917 4395 tamen
951 4330 1148 4412 aliquantum
1182 4329 1296 4414 corrigi
1324 4329 1429 4394 debet.

100 4428 204 4499 deinde
229 4433 424 4500 celeberrimi
448 4432 681 4500 Wattenbachii
704 4433 880 4516 opinionem
906 4431 1110 4516 (Auleitung⁹
1131 4452 1161 4515 p.
1184 4432 1252 4512 27),
1283 4435 1337 4514 qui
1361 4435 1428 4515 qui-

100 4531 166 4600 dem
197 4538 309 4603 statuit
337 4539 527 4619 scripturam
557 4537 697 4601 codicum
727 4536 823 4600 medii
852 4538 938 4611 aeui,
977 4555 1055 4618 quae
1085 4536 1260 4601 minuscula
1290 4543 1428 4611 uocatur,

102 4650 288 4722 nequaquam
311 4640 473 4706 cohaerere
496 4658 567 4704 eum
591 4640 745 4720 scriptura
767 4657 811 4717 ea,
836 4656 928 4720 quam
953 4639 1063 4704 dicunt
1087 4640 1253 4718 cursiuam,
1277 4659 1428 4722 —quam
