3376 5200
1426 289 1449 356 5

106 479 197 544 hibet
221 476 260 544 ab
290 478 424 544 Aemilia
447 479 621 561 aggerem
643 475 750 560 diarii,
780 476 831 542 cui
853 495 965 542 nomen
988 483 1036 543 ast
1058 477 1163 542 Reuue
1187 477 1360 562 archeclog.
1385 479 1447 545 vol.

104 582 232 661 XXIII,
257 581 350 662 1872,
373 582 399 660 I,
423 603 452 666 p.
478 582 537 646 147
562 580 758 664 publicatum

417 685 543 764 ἐγράφη
566 686 633 764 μενὶ
659 681 691 722 ⁸³⁰
713 683 808 748 παϋνὶ
831 683 1022 761 ἰνδ(ικτιῶνι)
1045 684 1133 768 τρίτη

413 789 464 854 ἐπὶ
488 789 621 865 macera
644 786 754 867 Ἀμιρᾶ
776 787 859 854 εὐκλ.
883 788 980 866 ἀμιρά
1001 792 1057 867 τῆς

104 888 163 970 (cf.
187 889 271 954 Loth
300 889 334 953 in
358 888 591 956 Gardthauseni
617 887 685 953 Pal.
710 887 763 952 Gr.
786 909 815 973 p.
840 889 894 970 34)
928 890 1104 968 παγαρχίας
1136 891 1292 972 (peruerse
1321 891 1447 960 exhibet

99 991 247 1076 Eggerus
270 991 292 1056 l.
317 1009 346 1056 c.
371 993 504 1058 formam
527 1011 701 1070 παςαρχιας
723 991 886 1056 Revilleut
907 993 1097 1073 τιαταρχίας)

364 1089 572 1175 Ἕρμώνθεως
594 1097 645 1162 καὶ
666 1096 754 1174 Χοιὴλ
775 1095 846 1161 υἱὸς
867 1098 966 1175 Ψμὼλ
987 1099 1129 1176 λαμπρο-

362 1201 462 1306 τάτου
485 1202 645 1278 διοικητοῦ
668 1198 733 1263 ἀπὸ
757 1201 893 1278 κάςτρον
915 1199 947 1240 ⁸³⁶
972 1201 1163 1279 Μεμνονίων
1187 1198 1219 1240 ⁸¹⁰

363 1321 456 1384 ἔτους
477 1307 598 1397 Arari—n
622 1321 761 1398 βαςιλευς
786 1316 818 1358 '³⁰
840 1321 901 1384 υ“ν“α
924 1321 974 1383 καὶ
996 1319 1091 1384 ἔτους

363 1423 558 1503 (αρακοινον
581 1421 613 1462 ¹³⁰
635 1423 697 1504 ρῑι.

107 1526 193 1590 Ante
214 1543 327 1590 annum
358 1525 441 1591 1880
470 1525 588 1609 cogniti
617 1529 707 1595 arant
737 1527 797 1592 duc
824 1527 934 1610 papyri
957 1525 1097 1592 Arabum
1126 1526 1235 1611 lingua
1264 1526 1373 1610 scripti
1403 1527 1443 1592 cf.

105 1627 686 1713 Palaeograpnica180ciety0ucntal
710 1630 775 1696 Sar.
800 1650 830 1694 n.
848 1630 886 1694 V.
910 1629 1072 1714 Melangas
1094 1626 1323 1714 rl'archealagie
1347 1632 1444 1716 egyp·
1535 1677 1544 1704 .

103 1734 212 1797 tienne
238 1733 271 1796 et
294 1732 474 1816 assyrianne
498 1734 582 1798 1874
603 1754 633 1817 p.
659 1735 721 1800 199
742 1734 820 1817 Pap.
844 1732 928 1798 XIV.
958 1734 1114 1816 insignem
1142 1735 1248 1798 autem
1277 1734 1383 1799 locum
1406 1735 1445 1801 de

101 1852 221 1919 papyro
244 1836 436 1920 Aegyptiace
464 1837 646 1919 posterioris
675 1839 804 1915 aetatis,
838 1857 930 1920 quem
953 1837 993 1903 ab
1017 1837 1087 1903 aliis
1111 1838 1195 1903 haud
1221 1837 1290 1903 iure
1317 1838 1443 1922 neglec-

103 1945 173 2005 tum
196 1957 263 2004 essa
285 1939 387 2016 uideo,
410 1939 517 2004 inueni
540 1941 572 2004 in
595 1941 692 2006 schol.
716 1941 845 2006 BasiIIc.
870 1940 924 2005 lib.
946 1940 1046 2023 XXII,
1069 1960 1100 2023 p.
1123 1941 1175 2007 94.
1189 1938 1214 2023 ⁵)
1240 1940 1327 2020 οἶμαι
1348 1961 1444 2019 νομο-

98 2047 205 2109 ’θετεῐν
297 2043 345 2108 ὅτι
369 2041 533 2124 ὀφείλουςι
555 2046 595 2109 τά
618 2046 790 2126 ςυμβόλαια
813 2045 848 2110 ἐν
871 2046 1087 2125 ξυλοχαρτίοις
1114 2046 1147 2127 (i.
1163 2063 1188 2110 e.
1204 2045 1344 2129 papyris)
1367 2043 1444 2124 ypa-

99 2153 233 2227 φεςθαι·
265 2148 300 2212 ἐν
321 2148 382 2226 γάρ
407 2147 516 2212 αὐτοῖς
543 2148 653 2226 μόνοις
676 2149 872 2227 εὑρίςκονται
895 2149 935 2212 τά
957 2148 1169 2227 πρωτόκολλα
1193 2147 1242 2230 [ds
1264 2165 1325 2229 qna
1346 2166 1380 2212 ra
1403 2145 1443 2211 ci.

102 2250 193 2333 Oarp.
225 2250 291 2315 Iur.
320 2251 381 2315 ciu.
413 2250 492 2316 Nou.
515 2249 632 2326 XLIV,
666 2269 691 2314 c.
715 2251 744 2316 2.
877 2251 952 2315 τοὺς
982 2251 1299 2330 ςυμβολαιογράφους
1328 2252 1368 2330 μὴ
1399 2250 1443 2316 εἰς

98 2354 216 2432 ἕτερον
237 2353 357 2431 χάρτην
379 2353 523 2430 καθαρὸν
545 2351 682 2432 γράφειν
705 2353 910 2432 ςυμβόλαιον,
943 2353 1025 2430 πλὴν
1048 2351 1138 2432 εἰμὴ
1162 2352 1205 2418 εἰς
1234 2353 1372 2430 ἐκεῖνον,
1406 2353 1443 2419 ὃς

97 2457 312 2535 προκείμενον
340 2456 377 2520 τὸ
407 2456 604 2534 καλούμενον
632 2456 863 2534 πρωτόκολλον
891 2451 981 2538 ἔχοι]
1099 2455 1237 2521 ἐνταῦθα
1260 2456 1279 2521 ὁ
1303 2459 1442 2537 βαςιλεὺς

99 2563 270 2639 νομοθετεῖ
291 2561 331 2638 μὴ
355 2559 390 2623 ἐν
414 2558 514 2644 ἑτέρῳ
537 2559 637 2644 χάρτῃ
659 2560 836 2640 γράφεςθαι
859 2560 899 2623 τά
927 2560 1100 2639 ςυμβόλαια
1126 2559 1192 2625 ἀλλ’
1216 2561 1251 2625 ἐν
1278 2567 1324 2644 τῷ
1354 2565 1443 2637 λεγο-

99 2665 188 2747 μένῳ
212 2663 424 2746 ξυλοχιιρτίψ·
458 2667 556 2727 τοῦτο
579 2664 640 2741 γάρ
664 2666 769 2730 θέλων
791 2663 899 2740 εἰπεῖν,
930 2661 999 2728 ἀντὶ
1021 2668 1081 2728 τοῦ
1104 2663 1201 2728 εἰπεῖν
1224 2664 1268 2728 εἰς
1290 2669 1442 2744 ξυλοχαρ·

100 2767 180 2840 τίον,
213 2764 317 2830 εἶπεν·
350 2765 394 2831 εἰς
422 2766 553 2842 ἐκεῖνον,
587 2767 624 2830 ὃς
651 2767 715 2845 ἔχει
752 2767 997 2846 πρωτόκολλον
1032 2767 1138 2833 οὐδεὶς
1167 2769 1203 2832 δὲ
1237 2768 1345 2845 ἕτερος
1378 2768 1443 2846 ἔχει

97 2873 200 2933 τοῦτο
223 2869 356 2947 χάρτης,
390 2869 416 2932 εἰ
438 2871 478 2949 μὴ
503 2869 521 2933 ὁ
545 2871 702 2948 ξυλώδης·
737 2875 833 2936 τοῦτο
863 2873 899 2936 δὲ
921 2869 1008 2949 οἶμαι
1031 2871 1258 2949 ἐνομοθέτηςεν
1280 2871 1332 2935 διὰ
1354 2872 1392 2936 τὸ
1415 2869 1443 2937 εἰ

97 2973 281 3053 ἔμπλαςτόν
302 2993 331 3036 τι
354 2973 389 3038 ἐν
411 2974 537 3038 τούτοις
565 2975 691 3052 γένηται
720 2974 756 3038 εὖ
785 2975 968 3050 ἐξέλεγκτον
997 2972 1091 3049 εἶναι,
1128 2973 1171 3053 (ρ.
1195 2971 1250 3054 95)
1275 2973 1382 3052 ἐπειδὴ
1406 2973 1442 3039 ἔν

98 3097 157 3141 τιτι
179 3077 292 3142 τόποις
315 3076 373 3140 οὐκ
388 3076 463 3142 εἰςὶν
479 3077 626 3143 ξυλώδεις
641 3077 770 3156 χάρται,
793 3077 920 3142 tiburtus
937 3075 1046 3141 ἄδειαν
1062 3077 1113 3139 καὶ
1129 3075 1163 3139 ἐν
1180 3075 1299 3154 ἑτέροις
1313 3076 1354 3140 τά
1368 3097 1458 3155 caps·

99 3179 216 3258 βόλαια
239 3179 429 3258 γράφεςθαι·
453 3178 512 3245 κᾶν
534 3183 613 3254 γοῦν
636 3179 844 3258 ξυλοχαρτίον
866 3177 913 3256 εἴη
936 3179 974 3243 τὸ
998 3178 1197 3258 ςυμβόλαιον,
1219 3180 1260 3258 μὴ
1284 3179 1390 3257 μέντοι
1405 3199 1441 3256 γε

99 3283 138 3346 ἐν
160 3286 206 3366 τῷ
228 3281 445 3365 πρωτοκόλλῳ
469 3283 556 3365 αὐτῷ
578 3286 710 3346 τοιαῦτα
731 3261 930 3360 γεγραμρένα
958 3279 1129 3359 ἀνίςχυρόν
1158 3280 1227 3344 ἐςτι.
1263 3299 1341 3362 qnae
1369 3300 1441 3346 cum

101 3385 148 3448 ita
170 3382 244 3462 sint,
273 3402 327 3467 ego
349 3383 413 3447 iam
437 3383 555 3448 dudum
578 3383 698 3465 sparaui
721 3381 795 3461 fora,
819 3383 857 3447 ut
879 3383 983 3448 sauata
1005 3383 1138 3464 quodam
1161 3384 1276 3450 euentu
1298 3383 1440 3448 fortunae

100 3486 191 3551 nouis
213 3486 337 3570 papyris
359 3486 495 3550 inuentis
517 3485 696 3567 prouinciae
721 3487 884 3568 tamquam
915 3485 995 3549 alter
1022 3485 1178 3550 terminus
1207 3484 1306 3549 detur.
1341 3504 1441 3569 nequa

101 3606 175 3654 uero
198 3607 267 3672 spes
290 3608 340 3653 me
364 3586 497 3664 fefellit3
532 3589 675 3669 opinione
698 3591 780 3652 enim
804 3587 897 3653 citius
920 3586 1038 3652 factum
1061 3589 1125 3667 est,
1149 3588 1186 3651 ut
1207 3588 1284 3652 mihi
1307 3589 1440 3654 facultas

99 3692 229 3756 daretur
263 3709 358 3757 nouas
394 3689 573 3755 chartarum
607 3689 806 3756 collectitnes
836 3689 955 3756 saeculi
986 3688 1040 3755 VIi
1071 3691 1326 3773 surculorumque
1360 3709 1439 3772 quae

98 3796 250 3862 secuntur
272 3794 466 3879 inspiciendi.

205 3897 313 3963 Mensa
336 3900 418 3964 enim
441 3900 585 3981 Augusto
609 3899 682 3964 anni
704 3898 867 3980 praeteriti
893 3897 984 3964 1881i
1013 3897 1131 3983 insigni
1158 3901 1190 3963 et
1218 3899 1342 3982 egregia
1368 3915 1440 3981 pre·

99 4001 226 4067 sessoris
250 4000 330 4069 tull.
355 4000 491 4070 liartalii
514 4001 657 4085 magistri
680 4000 878 4067 dilectissimi
901 4002 1122 4068 beneuolentia
1145 4003 1177 4066 et
1199 4000 1305 4066 fauere
1327 4001 1440 4066 collec-

99 4106 220 4170 tionem
249 4123 437 4188 papyrcrum
466 4124 581 4170 nouam
610 4103 865 4190 aegyptiacorum
897 4105 1086 4188 inspiciendi
1116 4105 1248 4170 facultas
1278 4104 1352 4170 data
1382 4106 1439 4169 est.

98 4211 195 4290 atque
217 4208 317 4291 prime
340 4209 450 4274 statim
473 4208 623 4291 adspectu
646 4208 788 4273 intellexi
806 4225 939 4292 papyros
955 4209 1112 4290 pertinere
1129 4211 1167 4274 ad
1183 4225 1281 4291 genus
1297 4207 1439 4285 tertium,

101 4311 183 4393 qued
205 4329 299 4393 supra
321 4311 501 4378 statuimus.
532 4310 581 4376 his
604 4311 705 4396 igitur
726 4311 870 4396 papyris,
894 4329 970 4394 quoe
993 4313 1018 4376 B
1040 4310 1148 4377 littera
1171 4310 1364 4396 significem,
1389 4313 1439 4375 in-

99 4414 269 4497 spiciendis
299 4398 492 4480 delineandis
520 4413 732 4480 describendis
762 4415 838 4479 dum
861 4414 1003 4479 studium
1026 4418 1119 4497 atque
1141 4432 1267 4497 operam
1289 4414 1445 4497 Impendi,

103 4565 159 4574 ‚—

206 4637 225 4705 ⁸)
244 4654 270 4707 p.
289 4643 339 4692 613
357 4637 512 4705 Haimbach,
531 4637 614 4707 quil.
634 4643 649 4692 9
667 4637 830 4698 οάάίάοτόν
849 4638 957 4707 scripsit
975 4639 1031 4705 ἔχει
1049 4641 1156 4692 τοῦτον
1175 4637 1226 4690 τὸν
1245 4635 1365 4704 χάρτην.
1434 4673 1436 4678 ,
