3398 5206
770 412 845 491 Pap.
868 413 970 474 Berol.
995 413 1039 474 11.

284 529 310 596 Α
444 579 666 595 ...........
696 529 777 594 lineo
801 530 818 594 1
836 549 860 595 s.

285 631 309 700 Β
443 682 665 698 ...........
730 661 744 696 α
802 634 822 699 3

285 733 412 816 dal-c
442 786 663 802 ...........
729 765 743 799 a
802 738 819 800 t

317 839 344 906 d‘
445 889 667 905 ...........
732 867 746 902 a
783 839 823 904 13

343 1358 412 1421 lam
435 1360 471 1422 ut
493 1355 643 1422 nonnulla
666 1358 705 1422 de
727 1358 828 1422 aetate
852 1357 1012 1435 formulae,
1037 1376 1131 1440 quam
1154 1358 1336 1435 tractamus,
1361 1356 1475 1436 dicam,
1501 1354 1584 1418 scito

242 1459 439 1526 simillimam
463 1461 495 1525 in
519 1479 579 1525 usu
601 1459 697 1526 fuisse
719 1461 783 1526 iam
806 1461 928 1527 saeculo
951 1461 997 1525 IV
1015 1480 1044 1543 p.
1062 1459 1132 1526 Chr.
1149 1481 1191 1538 n,
1215 1461 1302 1526 ouius
1325 1461 1453 1524 unicum
1477 1477 1584 1524 exem-

244 1564 332 1646 plum
355 1565 455 1630 exstat
476 1565 559 1647 apud
576 1563 755 1647 Younginm
773 1565 925 1645 (Hierogl.
950 1586 979 1649 p.
1003 1565 1069 1648 46).
1094 1566 1211 1630 etenim
1234 1565 1356 1630 constat
1379 1583 1414 1628 ex
1437 1562 1583 1646 partibus

240 1666 289 1731 nis
314 1665 338 1734 Β
362 1665 504 1748 111112
525 1667 754 1734 ὑπατευόντων
778 1673 944 1745 decacorde
964 1670 1053 1747 ἡμῶν
1077 1669 1312 1734 Κωνεταντίνου
1335 1668 1519 1744 Αὐγούετου
1541 1669 1583 1730 τὸ

240 1770 267 1836 Ζ’
291 1771 341 1835 καὶ
365 1771 581 1836 Κωνεταντίου
611 1771 862 1851 ἐπιφανεετάτοα
892 1772 1045 1852 Καίεαροε
1073 1773 1111 1836 τὸ
1133 1772 1162 1849 γ’
1185 1773 1254 1854 τύβι
1281 1773 1319 1839 ιζ’
1343 1776 1399 1852 τῆ(
1425 1772 1462 1848 ιγ’
1487 1771 1583 1836 ἰνδικ-

239 1877 354 1938 τιῶνοε
377 1875 412 1939 ἐν
434 1874 639 1959 Ἐλεφαντίνῃ
662 1875 753 1941 πόλει
779 1879 835 1954 τῆς
866 1875 933 1940 ἄνω
958 1876 1127 1954 Θηβαίδος.
1141 1873 1182 1960 ⁹⁵)
1214 1876 1280 1941 iam
1303 1873 1432 1952 uidetis,
1464 1876 1584 1955 quanta

124 1970 126 1975 ⁴
243 1975 417 2042 intercedat
439 1977 621 2043 similitudo.

342 2080 437 2147 Porro
460 2081 600 2164 sequitur
622 2081 680 2146 lia.
705 2087 803 2148 3—6
825 2083 1024 2148 notissimum
1046 2083 1203 2147 salutandi
1225 2099 1323 2164 genus
1346 2081 1417 2145 hoc:

283 2181 409 2264 Gal-0
433 2185 572 2265 Αὐρηλία
593 2187 800 2267 Τηρουτηροῦ
918 2187 1062 2271 Αὐρηλίῳ
1085 2185 1324 2265 Σαραπάμμωνι
1347 2185 1476 2263 χαίρειν.

239 2287 302 2352 iam
330 2288 425 2353 habes
454 2289 648 2372 homologiae
677 2289 829 2374 formam3
863 2290 1052 2356 uocabulum
1077 2291 1225 2370 ὁμολογῶ
1253 2289 1286 2354 in
1311 2287 1466 2353 enuntiati
1489 2286 1581 2351 initio

241 2390 377 2473 positum
400 2391 553 2474 sequitur,
576 2394 728 2476 succedit,
752 2396 873 2477 praesto
897 2398 961 2460 est:

283 2491 333 2562 dd
361 2494 416 2558 lin.
434 2495 552 2560 6-19
582 2494 730 2575 ὁμολογῶ
761 2498 912 2563 ἑκοαείωε
942 2497 994 2580 [cf.
1019 2515 1124 2561 meum
1154 2497 1281 2580 ἑκουείᾳ
1303 2494 1424 2578 γνώμῃ]
1449 2495 1501 2559 καὶ
1524 2493 1581 2556 αὐ-

364 2599 517 2676 θαιρέτως
534 2600 585 2664 καί
600 2599 826 2679 ἀμετανοήτωε
848 2601 899 2684 [cf.
916 2599 1065 2692 11111111)
1081 2601 1120 2665 13
1143 2600 1380 2678 ἀκαταγνώμωε
1396 2600 1446 2664 καὶ
1463 2597 1581 2662 ἀκατα-

362 2700 548 2785 φρονήτωε]
574 2701 720 2783 ἀφικέναι
741 2703 822 2782 ὑμᾶς
844 2705 1033 2782 ἐλευθέρους
1050 2753 1164 2770 ......

284 2871 308 2939 n
363 2872 460 2937 etiam
481 2873 586 2938 littera
607 2804 681 2956 pars
703 2875 878 2958 significata
899 2877 989 2942 adest
1014 2876 1081 2957 (lin.
1107 2874 1150 2940 20
1172 2876 1240 2956 ss).

342 2991 484 3058 Similem
499 2995 532 3058 in
548 2997 686 3075 modum,
703 3015 762 3079 quo
778 2997 812 3061 hi
826 2998 945 3081 papyri,
963 2995 1276 3073 1111111111111552,
1292 2996 1325 3060 iu
1342 2993 1453 3061 Chrou.
1468 2993 1577 3060 Pasch.

239 3115 269 3179 p.
292 3095 400 3162 345A
423 3099 585 3165 memoriae
608 3100 777 3185 traditum,
801 3120 819 3165 a
842 3103 965 3167 nomine
988 3101 1038 3167 dei
1060 3102 1203 3166 inuocato
1227 3098 1355 3164 initium
1379 3097 1473 3182 capit.

342 3200 450 3282 Neque
473 3219 547 3267 uero
571 3204 731 3269 1111613
753 3205 925 3288 imperator
940 3204 1106 3270 Heraclius
1129 3203 1234 3287 potuit
1256 3201 1363 3267 iubere
1387 3218 1469 3266 nona
1485 3218 1578 3282 quae-

241 3302 314 3367 dem
344 3304 499 3370 exaranda
528 3325 593 3372 esse
623 3310 700 3387 μετὰ
723 3310 779 3374 τὸ·
804 3311 838 3374 ἐν
862 3310 1010 3389 ὀνόματι,
1046 3307 1108 3374 nisi
1137 3307 1272 3372 formula
1300 3308 1363 3371 iem
1394 3301 1579 3388 peruulgata

242 3407 411 3489 eademque
432 3409 640 3477 usitatissima
662 3415 753 3478 esset.
767 3410 804 3492 ²⁶)
950 3414 952 3418 ’

342 3508 464 3575 Summi
487 3514 593 3578 autem
615 3519 767 3581 momenti
790 3519 863 3582 sunt
885 3535 936 3595 ea,
960 3534 1055 3599 quae,
1077 3516 1115 3580 ut
1137 3514 1258 3593 fierent,
1281 3512 1476 3579 Iustiniauus
1499 3529 1577 3576 anno

240 3612 303 3677 537
328 3613 425 3679 edixit
444 3614 538 3698 (Nou.
554 3617 705 3704 XLVII):
732 3621 829 3695 „illud
852 3620 993 3690 omnium
1014 3618 1174 3685 honestius
1197 3636 1263 3683 esse
1285 3615 1462 3699 putendum
1485 3617 1576 3681 docu-

341 3789 372 3855 25)
393 3788 474 3844 uerba
496 3792 526 3846 ἐν
545 3791 732 3862 Ἐλεφαντίνῃ
751 3793 903 3858 πόλειτῇ(
922 3793 983 3846 ἄνω
1004 3793 1147 3859 Θηβαίδος
1174 3787 1298 3844 omuibus
1322 3787 1378 3842 fere
1401 3786 1468 3840 uiris
1492 3785 1577 3840 doctis

237 3873 396 3942 locumque
415 3892 456 3929 res
474 3880 535 3930 acta
553 3877 590 3930 sit
607 3878 760 3947 significare
777 3879 918 3944 uidentur,
942 3877 1012 3947 quod
1033 3878 1139 3946 quidem
1162 3892 1215 3932 non
1235 3877 1306 3931 recte
1324 3890 1353 3929 se
1372 3872 1477 3939 habere,
1497 3873 1576 3926 immo

238 3958 320 4013 uerba
342 3959 391 4016 illa
416 3979 476 4016 cum
500 3963 648 4018 indictione
670 3980 725 4018 esse
749 3963 936 4034 coniungenda
955 3964 1144 4032 (ίνδικτιῶνοε
1162 3962 1245 4036 (quae
1263 3961 1318 4034 est)
1338 3962 1369 4018 ἐν
1387 3963 1479 4028 Ἐλεφ.
1499 3961 1576 4016 πόλει

236 4050 290 4113 τῆς
308 4048 368 4101 ἄνω
390 4050 541 4116 Θηβαΐδοε)
560 4050 702 4119 perspiciet
724 4051 761 4116 is,
789 4051 835 4120 qui
854 4067 897 4115 ea,
921 4067 988 4121 quae
1012 4051 1092 4121 paulo
1115 4049 1186 4104 inira
1208 4049 1241 4104 de
1259 4049 1417 4103 indictionis
1435 4045 1575 4116 generibus

236 4131 399 4188 Arsinoitico
413 4139 439 4188 et
453 4135 584 4191 Thebaico
596 4136 723 4202 dicemus,
742 4137 906 4206 cognouerit.
931 4153 961 4191 ac
980 4136 1053 4192 dicet
1071 4137 1169 4206 aliquis
1188 4135 1394 4204 exspectandam
1412 4148 1469 4187 esse
1487 4132 1574 4200 potius

238 4216 307 4271 hauc
325 4219 469 4274 uerborum
488 4221 690 4276 collocationem
709 4227 761 4290 τῆς
780 4225 811 4278 ἐν
829 4223 883 4278 Ἐλ.
901 4224 982 4278 πόλει
1000 4222 1184 4279 ίνδικτιῶνοε.
1205 4239 1269 4276 sane
1287 4218 1461 4291 exspectanda
1473 4221 1530 4274 erat
1542 4219 1573 4271 ab

237 4303 392 4359 hominibus
407 4306 521 4372 Atticis3
540 4308 572 4362 de
590 4308 711 4363 barbaris
729 4325 783 4364 non
800 4309 874 4364 item.
1261 4323 1263 4332 ’

341 4409 372 4477 ²⁶)
391 4410 487 4465 Chron.
501 4411 669 4483 Paschalep.
684 4414 793 4468 18411.
813 4417 959 4484 ἐπετράπη
978 4416 1138 4484 γράφεεθαι
1156 4415 1228 4482 μετὰ
1247 4415 1280 4467 τὸ
1301 4415 1332 4470 ἐν
1351 4413 1486 4479 ὀνόματι·
1506 4415 1571 4477 flata·

237 4493 314 4550 λείαε
337 4500 397 4551 τῶν
421 4499 580 4553 θειοτάτων
603 4502 686 4568 ἡμῶν
711 4503 856 4557 δεεποτῶν
869 4541 891 4552 ..
916 4501 1069 4554 assimiles
1097 4501 1168 4556 locos
1196 4502 1329 4556 sescentos
1357 4499 1404 4569 qui
1430 4499 1459 4552 in
1487 4497 1569 4552 eodem

239 4581 368 4637 Chronico
386 4582 511 4638 Pascheli
531 4588 643 4639 exstant.
