3376 5200
711 789 920 891 Vita.

249 1107 355 1173 Natus
378 1127 446 1174 sum
470 1107 597 1175 Carolus
619 1109 801 1173 Franciscns
824 1107 973 1190 Iosephus
989 1108 1130 1191 Wessely
1154 1126 1180 1172 a.
1200 1107 1229 1172 d.
1253 1105 1307 1171 IV.
1330 1106 1393 1172 lral.
1418 1106 1480 1175 Iul.

146 1231 175 1276 1.
197 1211 395 1278 MDCCCLX
418 1212 620 1278 vindobonae
649 1213 737 1297 patre
759 1213 914 1291 Antonio,
950 1211 1003 1294 qui
1033 1211 1196 1277 architecti
1223 1230 1352 1277 munere
1374 1213 1406 1276 in
1429 1212 1481 1276 uia

145 1317 264 1383 ferrata
279 1318 356 1400 imp.
373 1317 479 1382 Austr.
503 1315 748 1381 administranda
772 1315 968 1399 fungebatur,
992 1316 1091 1380 matre
1107 1314 1262 1396 Carolina,
1286 1316 1375 1381 cnius
1390 1333 1480 1396 prae-

144 1421 271 1485 matura
304 1423 406 1486 morte
438 1419 626 1504 ¹absumptae
660 1417 843 1483 memoriam
875 1418 929 1501 pia
961 1420 1065 1484 mente
1099 1420 1176 1483 colo.
1210 1419 1302 1485 fidem
1336 1419 1480 1504 profiteor

145 1524 347 1589 catholicam.
372 1524 551 1588 litterarum
575 1522 762 1587 rudimentis
785 1523 818 1586 in
841 1521 927 1587 urbis
949 1522 1067 1606 patriae
1089 1523 1163 1587 ludo
1186 1522 1328 1589 imbutus
1342 1542 1397 1606 per
1412 1527 1481 1590 octo

145 1646 242 1693 annos
267 1627 450 1712 continuos,
473 1626 545 1692 iude
568 1626 611 1692 ab
632 1644 658 1691 1.
685 1626 714 1690 1.
739 1646 763 1691 1.
787 1625 871 1692 LXX
895 1645 991 1709 usqne
1014 1626 1053 1692 11
1077 1625 1256 1704 LXXVIII,
1283 1627 1481 1710 gymnasium

144 1732 324 1797 academiae
347 1728 568 1796 Therasianeae
592 1729 794 1795 Vindobonae
825 1729 1038 1812 frequentani,
1072 1732 1152 1812 quod
1174 1730 1243 1794 tum
1267 1731 1416 1796 directore
1439 1730 1479 1794 H.

143 1833 281 1914 Mitteis,
305 1832 528 1918 professoribus
551 1833 585 1897 L.
604 1833 781 1913 Vielbaber,
805 1834 839 1898 Ε.
863 1835 1035 1912 Hermann,
1059 1833 1093 1900 0.
1110 1836 1147 1899 de
1164 1835 1335 1920 Heluinger
1358 1837 1481 1918 egregie

143 1938 290 2003 florebat.
327 1937 378 2003 nbi
408 1938 532 2020 quidem
561 1938 721 2020 magistris
750 1939 797 2003 uti
825 1937 918 2003 licuit
948 1937 1214 2004 excellentissimis
1243 1939 1276 2004 in
1307 1939 1417 2023 primis
1439 1939 1480 2004 E.

143 2041 328 2123 Hermann,
353 2043 413 2108 Ios.
438 2041 568 2119 Steiner,
593 2042 656 2107 Iao.
680 2041 807 2123 Rumpf,
832 2042 882 2106 Fr.
906 2029 994 2108 Thon
1016 2042 1097 2107 aliis.
1121 2041 1316 2108 maturitatis
1338 2043 1482 2109 testimo-

143 2149 229 2211 ninm
261 2145 379 2211 ibidem
409 2148 538 2230 adeptus
560 2148 710 2212 autumno
734 2146 806 2211 anni
828 2146 994 2212 LXXVIII
1016 2148 1048 2212 in
1072 2147 1232 2212 academia
1251 2147 1481 2214 vindobonensi

143 2251 346 2334 antiquarum
376 2251 554 2317 litterarum
584 2251 696 2316 sinitis
727 2270 852 2334 operam
882 2251 1028 2332 daturus,
1063 2268 1135 2315 curn
1163 2270 1275 2316 nomen
1301 2253 1383 2335 apud
1404 2250 1482 2317 illu-

143 2355 295 2420 strissimi
329 2354 584 2439 philosophorum
619 2353 735 2418 ordinis
764 2355 915 2419 decanum
946 2353 1098 2420 01111111
1128 2353 1346 2421 8111111111
1377 2355 1480 2421 fausto

144 2463 246 2526 111111
271 2460 427 2543 professus
451 2477 559 2537 essem,
584 2477 603 2524 a
624 2461 745 2523 rectore
767 2457 933 2541 magnifico
956 2477 985 2524 u.
1003 2458 1032 2522 1.
1051 2457 1185 2524 Η111111
1201 2459 1303 2544 Siegel
1326 2461 1358 2525 in
1375 2460 1480 2526 album

144 2563 359 2629 academicum
390 2564 505 2628 relatus
535 2582 613 2626 sum.
648 2562 680 2626 in
705 2563 761 2627 bac
783 2563 961 2627 litterarum
985 2565 1057 2628 sede
1080 2563 1195 2628 scholis
1226 2563 1372 2642 interlui,
1407 2582 1482 2645 quas

143 2667 322 2733 habuerunt
345 2666 406 2731 uiri
430 2666 596 2732 clarissimi
629 2666 669 2730 E.
693 2657 892 2746 Hoffmann,
921 2665 953 2731 0.
978 2666 1130 2750 Scitanti,
1163 2665 1415 2749 11111111,
1444 2665 1480 2731 0.

143 2769 344 2852 Hirschfeld,
367 2769 408 2834 R.
433 2770 686 2851 Zimaaermoaa‚
710 2771 746 2835 R.
770 2770 910 2849 Heinnel,
934 2771 964 2837 J.
989 2769 1091 2850 Krall,
1115 2771 1149 2835 I'.
1172 2771 1294 2852 Miller,
1318 2771 1481 2853 inprimis

147 2874 187 2942 G.
210 2873 338 2956 Hordei,
362 2875 448 2940 cuins
471 2874 601 2954 scholas,
625 2893 701 2958 quas
724 2874 844 2952 habuit,
869 2894 972 2940 omnes
994 2873 1200 2958 frequentaui,
1224 2875 1273 2939 oui
1297 2875 1481 2956 opusculum

144 2998 269 3061 qnoque
290 2979 444 3061 proposui,
468 2979 550 3061 quod
573 2999 600 3043 1.
626 2978 739 3043 LXXX
762 2979 799 3043 de
815 2999 946 3062 papyro
968 2977 1199 3043 Vtadoboaense'
1217 2981 1267 3043 21.
1292 2979 1324 3042 st
1346 2975 1383 3042 de
1405 2977 1482 3043 locis

144 3081 334 3162 quibusdam
367 3081 619 3166 tachygraphIcis
653 3080 854 3163 scripseram,
889 3084 1055 3164 postquam
1085 3081 1250 3146 seminario
1279 3079 1480 3164 philologiae,

146 3184 236 3249 cuins
257 3184 400 3250 instituti
422 3203 478 3266 per
500 3185 534 3249 II
557 3203 654 3249 annos
677 3184 791 3250 sodalis
821 3173 995 3250 ordinarius
1025 3185 1086 3264 fui,
1118 3186 1229 3250 eximio
1257 3185 1478 3266 magistrorum

144 3289 252 3354 111111
277 3289 308 3353 11
329 3288 546 3353 111111111111
569 3287 743 3370 adscriptus
766 3307 844 3353 sum.
877 3290 937 3356 ianr
963 3288 1079 3372 insigni
1103 3306 1226 3370 eorum,
1260 3288 1312 3371 qui
1335 3290 1482 3370 praesunt

144 3392 358 3457 Meletematie
381 3392 684 3474 Vindobonensibm,
719 3389 757 3456 G.
781 3391 924 3456 Horteta'a'
953 3396 986 3457 et
1015 3390 1049 3457 0.
1074 3391 1252 3457 1111111111
1287 3391 1481 3457 humanitate

145 3495 267 3561 facturn
296 3496 357 3574 cst,
388 3498 422 3559 ut
451 3495 583 3560 secundo
614 3495 722 3559 statim
753 3495 929 3561 studiorum
957 3497 1205 3562 academicorum
1235 3514 1315 3561 anno
1337 3496 1481 3561 absoluto

145 3599 282 3680 primum
307 3595 488 3682 opusculum
513 3617 617 3664 meum
640 3600 724 3682 typis
746 3600 957 3665 manderetur,
981 3600 1091 3684 scripsi
1115 3600 1257 3683 deinceps
1279 3598 1428 3665 nonnulla
1443 3599 1481 3662 de

148 3702 307 3768 codicibus
330 3702 525 3768 Plutareheis
549 3702 691 3786 edidiqne
715 3721 867 3785 papyrum
885 3703 1152 3770 vindobonensem
1177 3705 1228 3782 31,
1253 3703 1364 3768 deinde
1386 3720 1480 3768 euan-

146 3805 222 3888 gelii
251 3806 430 3892 fragmenta
457 3807 490 3871 in
512 3826 628 3891 papyro
651 3806 784 3890 scripta,
821 3810 888 3872 tum
912 3809 1059 3873 uolumen
1082 3808 1352 3874 membranaceum
1376 3825 1400 3872 s.
1427 3806 1481 3872 v1.

148 3909 281 3991 deniqne
303 3909 534 3994 inscriptionem
559 3913 714 3993 quandam
738 3930 764 3976 e.
788 3930 812 3976 r.
836 3910 936 3976 musei
960 3910 1156 3996 Aegyptiaci.

248 4014 317 4079 Iam
341 4013 482 4080 omnibus
505 4013 590 4092 uiris,
615 4014 667 4096 qui
690 4013 793 4079 studia
816 4031 886 4078 mea
909 4015 1047 4080 consiliis
1064 4015 1096 4080 et
1112 4013 1250 4096 exemplo
1266 4013 1480 4093 subleuarunt,

148 4118 266 4202 gratias
296 4135 353 4202 ago
379 4137 473 4200 quam
504 4118 671 4193 maximae,
707 4118 840 4200 dumque
871 4117 979 4184 uiuam
1010 4119 1186 4184 ueneranda
1215 4136 1321 4183 eornm
1355 4117 1482 4182 nomina

149 4222 300 4288 memoria
323 4222 421 4287 colam
443 4223 594 4305 piissima.

251 4377 367 4462 Scripsi
384 4379 582 4445 Vindobonae
605 4378 713 4444 Idibus
731 4379 833 4462 April.
856 4398 883 4444 1.
908 4377 1069 4443 LXXXII.
