3372 5216
253 258 296 324 44

253 447 335 513 idem
366 447 519 523 ualuisse,
558 445 639 527 qnod
665 445 734 510 auri
757 445 874 512 solidus
897 445 939 510 1¹¹⁸
962 444 1001 510 of.
1027 444 1083 510 Th.
1107 445 1348 510 Mommsenum.
1373 443 1393 512 l.
1418 461 1443 508 c.
1466 463 1501 526 p.
1529 443 1604 524 839,

257 549 393 614 Hultsch
415 549 437 613 l.
462 568 489 614 o.
512 569 541 631 p.
566 547 639 612 251.

357 652 510 735 Equidem
533 652 715 734 putauerim
738 653 846 717 eadem
869 651 1006 734 ratione,
1042 670 1103 733 qua
1132 653 1305 733 nostrates,
1339 652 1501 717 Romanos
1537 668 1605 716 esse

232 787 233 796 ι
257 776 337 833 usos,
361 775 416 840 pro
440 755 533 820 solidi
550 756 592 819 Ιῐιε
615 757 715 839 pretio
736 756 892 822 soluentes
915 757 1112 821 monetarum
1134 774 1321 837 cuprearum
1344 755 1452 819 follem
1467 755 1530 819 I¹¹¹¹²
1554 754 1605 818 nel

254 861 382 943 siliquas
405 862 568 942 argenteas
584 857 690 922 XXIV
712 858 763 924 uel
787 859 858 941 puri
882 859 951 924 auri
973 858 1110 924 solidum
1125 859 1195 943 ΙΨ
1218 859 1307 940 quasi
1330 859 1488 923 nostrates
1517 875 1605 922 mar·

256 983 361 1030 carum
384 964 443 1028 XX
466 964 601 1044 pretium
625 962 834 1043 exprimerent
856 963 908 1027 uel
930 963 1095 1045 penningis
1122 962 1188 1028 HM
1214 961 1265 1025 uel
1296 963 1407 1026 marcis
1439 962 1605 1043 argenteis

254 1069 312 1134 XX
335 1068 389 1132 uel
412 1086 473 1131 nna
496 1084 591 1131 aurea
612 1064 671 1130 illa
694 1069 818 1131 moneta
839 1065 899 1130 XX
920 1084 1106 1132 marcarum.
1129 1066 1204 1130 haec
1227 1083 1417 1148 quamquam
1440 1067 1604 1130 nostrates

254 1192 315 1237 non
338 1171 476 1250 faciunt,
500 1170 574 1252 quia
599 1169 735 1254 (argenti
758 1170 801 1251 et)
828 1172 897 1235 anri
917 1169 1056 1253 pretium
1079 1171 1234 1248 undatur,
1257 1169 1390 1234 Romani
1413 1169 1523 1234 facere
1549 1188 1604 1252 po·

255 1278 375 1352 terant,
399 1275 472 1356 quia
493 1272 561 1338 anri
584 1272 707 1355 argenti
731 1273 819 1354 cupri
841 1272 942 1357 pretia
964 1273 1033 1358 lege
1056 1274 1225 1338 constituta
1246 1275 1342 1338 erant.

357 1377 440 1458 Quae
464 1395 534 1442 curn
557 1376 603 1442 ita
625 1376 705 1458 sint,
736 1377 853 1462 pretia,
882 1396 961 1459 quae
984 1382 1072 1444 orant
1094 1378 1216 1460 siliquis
1239 1376 1414 1462 significata
1437 1375 1524 1442 solui
1549 1393 1603 1456 po-

254 1482 351 1546 tuisse
374 1485 406 1546 et
428 1481 532 1546 aureis
556 1480 691 1546 monetis
714 1483 746 1546 et
768 1480 926 1562 argenteis
949 1483 981 1544 et
1003 1483 1121 1564 cupreis
1146 1483 1388 1546 consentaneum
1409 1481 1465 1544 est.
1508 1481 1602 1560 atque

253 1603 361 1650 reuera
383 1586 416 1648 id
439 1584 556 1649 factum
580 1602 645 1648 essa
668 1583 778 1648 docent
801 1585 952 1650 uocabula
975 1586 1127 1667 quaedam
1149 1585 1183 1648 in
1206 1585 1330 1668 papyris
1353 1584 1431 1647 meis
1454 1581 1603 1664 frequen·

254 1686 308 1765 tia,
332 1687 437 1769 qualia
458 1692 533 1751 sunt
557 1686 594 1751 da
616 1705 691 1752 auro
714 1688 747 1751 in
763 1705 834 1770 pap.
852 1687 879 1750 D
894 1687 949 1752 10v
972 1709 1019 1766 χρ.
1044 1689 1108 1752 rh.
1125 1707 1150 1752 e.
1175 1692 1292 1767 χρυεοῦ
1309 1688 1453 1766 κεράτια;
1481 1685 1601 1751 etenim

254 1812 292 1871 χρ
316 1790 534 1872 compendium
558 1809 624 1855 esse
648 1791 794 1856 uocabuli
818 1792 932 1870 χρυιόε
956 1811 1014 1857 non
1035 1791 1177 1874 estquod
1195 1791 1452 1872 demonstremus,
1469 1789 1600 1872 quibus-

254 1914 327 1959 cum
350 1894 388 1959 of.
412 1912 481 1978 pap.
504 1893 638 1959 Parisin.
663 1894 701 1957 21
727 1895 782 1960 lin.
805 1896 847 1959 36
870 1901 987 1974 χρνεοῡ
1011 1897 1147 1975 κεράτια.
1161 1893 1201 1975 ³⁰)

293 2066 295 2070 ,
357 1999 426 2063 Ιαιιι
448 1998 544 2062 uerba
572 1999 727 2077 κέρματοε
750 1999 891 2078 κεράτια,
925 2017 1003 2081 quae
1029 2000 1150 2082 saepius
1173 1999 1347 2082 legentibus
1370 1999 1546 2062 occurrunt
1568 1994 1599 2058 in

253 2101 379 2187 papyris
402 2102 492 2178 meis,
515 2099 603 2166 uelut
625 2103 657 2167 in
679 2120 750 2184 pap.

409 2221 498 2287 Cxx
521 2225 678 2302 κέρματος
701 2223 829 2302 κεράτια
851 2224 921 2286 λιτὰ
945 2225 1021 2288 δέκα
1043 2225 1175 2301 τέτταρα

408 2326 506 2391 Dea*
521 2347 610 2405 uspp⁸
632 2329 703 2410 ceps

409 2429 488 2494 1³25
522 2451 585 2508 εχω
610 2449 699 2508 aedito
722 2433 792 2512 κερλ

254 2548 328 2632 quid
357 2549 535 2632 significent
564 2550 731 2615 obscurum
759 2555 823 2626 est;
861 2569 935 2615 nam
963 2553 1062 2630 κέρμα
1092 2551 1186 2633 uulgo
1216 2548 1393 2630 significare
1417 2547 1596 2612 nummulos

254 2653 366 2718 docent
394 2651 521 2736 linguae
552 2652 686 2717 Graecae
716 2654 868 2737 thesauri;
903 2671 1091 2736 quamquam
1121 2653 1302 2738 Duoangius
1335 2652 1486 2734 (Lericon
1514 2649 1594 2714 Med.
1672 2629 1673 2722 λ

255 2753 362 2822 Gnaeo.
379 2775 403 2822 s,
417 2775 446 2822 ν.
464 2757 641 2839 appondiois
657 2757 696 2842 F)
714 2760 814 2837 κέρμα
830 2758 924 2822 etiam
947 2760 1095 2840 pecuniae
1118 2776 1243 2822 sensum
1265 2755 1380 2821 habere
1405 2757 1449 2820 ait
1473 2752 1595 2821 collatis
1670 2741 1672 2832 λ

254 2860 331 2925 locis
354 2861 480 2926 Ioannis
503 2860 652 2944 Carpathi
675 2860 821 2944 Episcopi
842 2859 908 2925 MS.
938 2861 1038 2940 ἦλθον
1065 2863 1125 2941 γάρ
1149 2863 1230 2940 πρὸ(
1253 2862 1355 2925 αὐτὸν
1379 2861 1526 2940 ἀδελφὸς
1548 2859 1594 2920 θέ-

254 2968 320 3029 λων
343 2966 512 3045 χρήεαεθαι
534 2968 642 3044 κέρμα,
665 2964 871 3029 Adamantini
887 2964 952 3029 MS.
977 2965 1014 3029 de
1037 2966 1223 3048 ponderibus
1247 2968 1277 3028 ot
1300 2965 1455 3028 mensuris
1479 2961 1593 3044 ὀβελία-

254 3089 309 3133 κοε
331 3070 501 3158 γχράιμενοτ
531 3071 679 3148 νοεήμαει
708 3073 845 3149 ειδηροῑε
874 3071 968 3135 ἐνίων
991 3072 1027 3135 δὲ
1050 3073 1185 3149 χαλκοῦ,
1213 3067 1269 3149 ἀφ’
1294 3067 1340 3133 ὧν
1363 3069 1538 3146 παραμένει
1559 3062 1593 3124 τό

254 3175 375 3250 πλῆθος
397 3172 443 3236 ἔτι
465 3175 516 3237 καὶ
538 3177 596 3238 νῦν
618 3178 684 3238 τῶν
708 3174 874 3253 κερμάτων
897 3172 1033 3252 ὀβολοῦ(
1056 3176 1222 3238 καλεῖεθαι.
1246 3171 1300 3235 sed
1319 3188 1516 3253 nequaquam
1532 3183 1592 3232 rem
1667 3171 1668 3174 ’

254 3275 434 3358 Duoangius
458 3276 701 3353 demonstrauit;
723 3279 824 3359 priore
849 3276 932 3340 eninr
956 3277 1023 3341 loco
1046 3279 1145 3355 κέρμα
1173 3276 1280 3340 eadem
1313 3274 1438 3339 notione
1469 3272 1593 3337 uidetur

254 3377 408 3460 usurpari,
433 3396 493 3461 qna
516 3383 657 3445 nostrum
683 3381 753 3445 sein
768 3399 844 3464 paar
859 3379 1044 3463 Prennigeu,
1070 3380 1140 3443 sein
1163 3397 1240 3461 paar
1255 3377 1426 3456 mensore,
1450 3379 1505 3460 qui
1528 3372 1591 3457 qui-

255 3479 327 3544 dem
349 3499 423 3545 usus
448 3483 495 3547 est
518 3483 755 3566 antiquissimus
786 3484 824 3548 of.
855 3483 1133 3549 Demosthenicum
1161 3483 1241 3547 illud
1269 3484 1338 3547 ἀντὶ
1361 3482 1530 3560 κερμάτων
1551 3498 1591 3557 μι-

254 3588 348 3663 κρῶν.
371 3584 474 3650 altero
492 3586 559 3651 ioco
581 3605 640 3668 res,
657 3589 694 3651 de
710 3605 771 3670 qua
786 3587 918 3670 agimus,
943 3588 1011 3670 ipsa
1034 3586 1123 3668 tangi
1138 3586 1273 3651 uidetur.
1297 3585 1418 3650 scilicet
1441 3587 1590 3664 κέρματα(

255 3688 384 3768 κεράτια
405 3690 540 3771 pretium
563 3689 760 3772 siliquarum,
784 3693 864 3772 quod
887 3689 1059 3755 nummulis
1074 3690 1208 3755 soluitur
1230 3687 1423 3771 significant3
1447 3705 1526 3768 quae
1547 3697 1589 3746 res

254 3790 410 3856 neminem
435 3792 551 3857 mirum
575 3792 713 3871 habebit,
737 3797 840 3875 quiea
859 3813 937 3876 quae
960 3793 1148 3860 antecedunt
1171 3791 1356 3876 perlegerit;
1381 3791 1499 3855 etenim
1523 3785 1589 3852 huic

255 3893 394 3976 opinioni
417 3893 502 3960 fauet
525 3899 555 3960 et
579 3896 722 3962 uocabnli
746 3900 843 3978 κέρμα
866 3897 1067 3980 significatio,
1095 3916 1172 3979 quae
1195 3902 1241 3961 est
1264 3896 1430 3977 nummuli,
1453 3895 1539 3960 fauet
1561 3891 1588 3952 et

254 3996 341 4062 locus
364 3999 397 4062 in
419 3997 530 4083 primis
554 3999 665 4084 papyri
687 3999 838 4077 Parisini,
868 4019 961 4082 quem
989 4001 1121 4066 editores
1144 4000 1281 4066 Parisini
1303 4019 1363 4065 non
1386 4004 1468 4064 recte
1491 3995 1587 4063 edide-

254 4101 329 4164 runt
355 4104 473 4188 (papyr.
498 4103 537 4167 21
563 4103 610 4167 bis
632 4103 686 4168 lin.
710 4103 762 4167 21.
786 4105 892 4189 agitur
915 4106 953 4169 de
986 4103 1095 4169 domus
1123 4103 1235 4187 pretio)
1267 4109 1383 4183 χρνεοά
1412 4100 1586 4182 νομιτμάτια

255 4207 421 4271 δεεποτικά
445 4206 530 4271 ἁπλά
553 4208 667 4286 δόκιμα
688 4229 776 4288 τρεια
798 4208 892 4273 ἑκτὸν
920 4229 1007 4287 παρα
1035 4203 1205 4292 κεράλτιον]
1229 4208 1283 4287 μία
1305 4212 1432 4291 εταθμῷ
1456 4227 1493 4272 το
1516 4204 1585 4284 φυλ-

360 4410 391 4477 ³⁰)
411 4411 481 4464 hanc
499 4411 568 4465 mihi
587 4413 738 4481 opinionem
757 4429 902 4483 proponere
924 4414 1020 4475 liceat;
1049 4414 1151 4468 contuli
1175 4413 1247 4467 enim
1272 4415 1497 4486 significationem
1514 4399 1585 4464 solidi

256 4499 329 4553 aurei
347 4497 446 4554 Isidori
464 4501 706 4570 partesque'solidi
724 4503 798 4555 aurei
818 4517 885 4570 quac
902 4502 1026 4555 feruntur
1044 4504 1155 4556 tertiam
1175 4503 1205 4569 (i.
1219 4520 1240 4557 e.
1255 4508 1315 4558 octo
1333 4502 1459 4571 siliquae)
1477 4498 1519 4554 uel
1536 4503 1583 4547 son·

256 4589 312 4640 tam
331 4585 359 4652 (i.
379 4601 400 4638 e.
420 4589 550 4656 quattuor·
568 4585 692 4656 siliquae)
710 4588 744 4642 of.
764 4588 879 4655 χρυείον
899 4606 962 4654 νομ.
981 4588 1007 4653 S,
1026 4590 1060 4654 γ’,
1080 4591 1109 4654 ς’,
1129 4591 1161 4643 δ’.
