3376 5200
1405 281 1446 348 19

160 490 211 553 pp.
234 489 322 534 meus
345 469 472 534 Aurelii
495 468 636 535 Gerontii
658 471 705 534 Pl.
730 469 850 534 Phocae
873 469 948 534 anni
1038 469 1130 551 (Vlt)
1156 469 1218 534 ind.
1243 469 1281 534 11
1327 422 1329 426 ¹

162 592 213 656 pp.
238 591 325 636 meus
347 573 441 637 an
465 572 524 652 (Fl.
548 572 687 651 Phocae)·
704 573 777 638 anni
800 572 847 637 VI
869 573 934 637 ind.
960 571 1009 638 12.

210 691 269 758 Sed
292 692 367 758 solis
390 693 611 759 indictionibus
634 694 750 776 signati
774 711 847 759 oum
870 696 961 758 antea
983 694 1105 778 cogniti
1127 693 1230 759 essent
1252 693 1340 758 tituli
1363 696 1445 776 apud

102 796 292 861 Burckhard
314 797 389 862 itin.
413 796 495 862 Nnb.
520 817 550 879 p.
577 797 639 861 122
668 797 750 879 apud
774 797 910 862 Viduam
937 797 1034 862 Inscr.
1057 797 1135 862 X1X
1157 816 1187 862 n.
1212 798 1232 862 2
1255 796 1288 862 et
1310 797 1340 876 3,
1364 817 1447 862 nunc

102 899 243 964 accessit
265 918 315 981 pp.
338 918 478 964 meomm
501 918 617 982 magna
639 900 817 968 multitudo.

211 1002 315 1084 Atque
339 1002 372 1068 in
394 1021 445 1086 pp.
468 1002 546 1068 meis
570 1003 690 1068 duobus
711 1001 818 1068 inueni
841 1002 1053 1086 significatum
1077 1022 1195 1069 annum
1222 1003 1446 1084 procreationis

103 1105 232 1188 mundi3
267 1125 317 1188 pp.
347 1107 438 1172 va
467 1108 549 1171 enim
577 1107 711 1188 scriptus
741 1104 788 1170 est
818 1105 867 1174 die
897 1109 1051 1186 φαμενὼθ
1075 1107 1093 1171 ι’
1117 1105 1191 1170 anni
1221 1105 1291 1188 ‘sot'
1321 1107 1352 1170 et
1374 1122 1444 1189 pap.

103 1209 250 1272 Bxxvn
273 1207 322 1273 die
346 1211 440 1290 ἐπεὶφ
463 1210 489 1273 λ’
513 1208 588 1274 anni
611 1209 682 1292 ,ςσ’.

210 1311 279 1376 Iam
302 1330 400 1377 annus
422 1311 608 1378 Diocletiani
632 1311 774 1395 signatus
797 1309 911 1393 epocha
933 1310 1093 1376 inuenitur
1115 1312 1149 1376 in
1171 1330 1243 1394 pap.
1266 1312 1382 1395 Eggeri

151 1413 243 1480 ἔτους
258 1415 517 1496 Διοκλῆ(τιανοῦ)
542 1419 682 1495 βαςιλευς
702 1417 755 1496 (=
768 1414 844 1498 ἑως)
865 1416 928 1481 ava
952 1416 1002 1479 καὶ
1025 1414 1118 1479 ἔτους
1133 1415 1329 1494 (αρακοινον
1351 1419 1404 1494 βιοῖ

103 1517 140 1580 et
162 1515 194 1581 in
218 1537 270 1600 pp.
295 1536 363 1582 meo
386 1517 409 1583 Ο
426 1536 463 1582 υτ

541 1643 632 1686 ετους
654 1623 885 1700 Διοκλητιανου
909 1627 956 1701 τιβ
968 1619 1008 1706 ¹⁰)

210 1721 328 1800 Quibus
352 1725 442 1788 rebus
466 1723 614 1806 respectis
637 1723 829 1807 ingeniosam
853 1723 943 1789 illam
959 1725 1168 1790 coniecturam
1182 1723 1343 1789 Latronnii
1359 1723 1445 1788 recte

105 1844 141 1890 se
162 1824 278 1889 habere
299 1825 449 1890 intellexi.
1436 1838 1440 1846 '

213 2099 410 2182 Quamquam
434 2100 595 2185 Aegyptus
618 2102 692 2167 fidei
715 2101 910 2168 Christianae
933 2103 997 2167 iam
1025 2102 1127 2184 primo
1157 2099 1279 2164 saeculo
1309 2098 1448 2181 patebat,

104 2204 226 2281 tamen,
250 2206 414 2286 postquam
437 2221 628 2286 paganorum
650 2223 699 2269 res
722 2205 846 2270 deuicta
865 2206 921 2284 est,
945 2206 997 2269 nel
1012 2203 1059 2268 VI
1074 2207 1144 2288 post
1158 2201 1321 2267 Christum
1335 2201 1448 2265 natum

103 2304 240 2385 saeculo,
266 2325 346 2371 anno
368 2305 442 2386 560,
472 2307 565 2371 laidis
588 2307 738 2390 mysteria
760 2306 869 2372 habita
892 2325 957 2372 esse
980 2308 1111 2372 constat.
1147 2307 1261 2369 summi
1285 2322 1355 2369 sane
1378 2320 1446 2368 mo·
1556 2377 1557 2380 Ἴ

103 2408 209 2474 menti
231 2408 313 2490 sunt,
337 2410 469 2490 quaein
493 2428 544 2492 pp.
567 2428 637 2475 meo
659 2410 684 2494 Τ
708 2410 750 2475 33
774 2409 809 2492 (s.
835 2409 968 2490 VllVlI)
995 2409 1138 2474 exstant:

212 2509 423 2598 ο]νομαῑομαι
445 2534 588 2590 παγανος
614 2509 766 2600 [addenda
788 2513 880 2577 erunt
902 2511 1035 2577 fortasse
1057 2511 1132 2576 haec
1156 2511 1216 2592 elul
1238 2513 1276 2577 δὲ

209 2613 279 2698 τη]ς
302 2620 581 2694 coaetaneorum
604 2611 786 2702 εκκλ[ηςιας.

212 2733 383 2816 Episcopus
408 2734 615 2800 Alexandriae
645 2735 698 2818 qui
727 2735 761 2800 in
790 2735 891 2800 locum
921 2733 1078 2817 pontificis
1102 2733 1198 2798 totins
1219 2731 1358 2817 Aegypti
1379 2751 1450 2798 suo·

103 2834 219 2914 cessit,
255 2837 398 2902 omnibus
421 2837 559 2920 praefuit
581 2857 637 2920 per
659 2839 841 2920 Aegyptum
865 2836 1015 2903 dioecesin
1045 2837 1273 2915 sacerdotibus,
1310 2836 1349 2902 of.
1374 2835 1448 2904 (lod.

106 2939 226 3004 Theod.
245 2939 285 3003 L.
300 2941 331 3004 2.
348 2941 368 3005 3
393 2941 430 3005 de
445 2939 505 3004 fide
522 2940 683 3006 catholica.
703 2979 739 2991 -
764 2939 965 3006 Alexandrini
989 2939 1124 3024 episcopi
1150 2938 1312 3005 cuiusdam
1330 2941 1449 3006 mentio

103 3043 147 3107 fit
170 3043 204 3106 in
228 3061 278 3125 pp.
303 3062 372 3109 meo
396 3045 460 3109 Bv
484 3064 508 3108 r.

432 3168 491 3211 του
514 3167 569 3226 της
592 3143 826 3234 αλεξανδρ[ειας
917 3144 924 3234 Ι
949 3168 1119 3212 επιςκοπου
1152 3169 1176 3238 ‘y

104 3248 327 3332 presbyterum
355 3250 460 3314 autam
489 3250 521 3314 et
549 3248 764 3328 diaconorum,
799 3249 1024 3314 monachornm
1050 3250 1227 3332 (μονάῑων)
1254 3249 1286 3314 et
1313 3249 1449 3314 fratrum

106 3353 354 3435 (θεοφύλακτος
384 3351 545 3432 ἀδελφός,
576 3349 596 3430 ἡ
624 3351 760 3432 ὑμετέρα
789 3353 1010 3433 θεοφύλακτος
1038 3352 1231 3433 ἀδελφότης)
1267 3350 1450 3435 saepissime

104 3454 229 3520 mentio
251 3454 297 3519 fit.
331 3473 408 3538 quae
431 3455 556 3537 quidem
579 3455 730 3520 fueritin
754 3456 947 3538 episcopatus
976 3455 1114 3537 singulos
1141 3454 1254 3520 diuino
1277 3453 1450 3536 accipimus

105 3577 147 3623 ex
169 3556 311 3622 notitiaI
333 3559 567 3640 episcopatuum
591 3559 644 3644 (ad
662 3558 780 3624 calcem
797 3557 941 3625 editionis
957 3557 1110 3624 Hieroclis
1126 3558 1175 3622 ed.
1190 3558 1330 3642 Parthey
1345 3578 1376 3641 p.
1393 3554 1450 3645 82)

106 3662 224 3745 pagina
248 3661 310 3726 744
325 3661 513 3744 wesseling,
537 3661 675 3728 conferas
698 3680 810 3746 quaeso
833 3662 917 3728 inter
938 3681 970 3727 se
993 3664 1116 3744 partem
1137 3661 1269 3728 notitiae
1290 3662 1306 3726 I
1331 3663 1450 3744 episco-

106 3767 242 3846 patuum
267 3762 361 3829 hano:

176 3883 361 3964 Ὀξύριγχος
383 3885 575 3966 μητρόπολις

267 3987 457 4066 Ἡρακλέους
478 3989 595 4069 μεγάλη

218 4177 249 4242 ¹⁰)
268 4175 355 4242 doleo,
379 4175 451 4244 quod
468 4193 486 4230 τ
504 4176 598 4230 littera
616 4179 690 4232 certa
707 4191 761 4229 non
779 4178 829 4230 eet.
852 4205 887 4215 -
910 4175 950 4229 De
968 4174 1107 4231 Latronnii
1125 4177 1259 4232 sententia
1275 4175 1374 4232 iterum
1392 4177 1451 4246 egit

112 4262 142 4316 n.
156 4261 296 4318 Revillout
313 4260 343 4314 in
355 4261 492 4332 Melanges
511 4262 703 4332 d'archeologie
722 4262 882 4332 egyptieune
901 4263 928 4315 et
946 4262 1105 4332 assyrienne‚
1125 4265 1192 4320 tom.
1205 4261 1239 4330 11,
1260 4267 1335 4330 1874,
1352 4279 1378 4333 p.
1393 4265 1451 4328 177,

112 4349 159 4418 qui
178 4347 287 4418 quidem
307 4363 378 4400 noua
395 4351 567 4402 monumenta
586 4347 637 4402 duo
655 4347 759 4418 coptica
776 4347 962 4416 inuestiganit
982 4364 1050 4417 quae
1068 4349 1103 4404 ad
1121 4349 1191 4403 hane
1208 4364 1265 4404 rem
1282 4348 1428 4419 pertinent,

218 4439 239 4488 1.
259 4451 319 4504 pap.
340 4438 372 4487 14
389 4433 484 4504 Bulaq.
588 4435 725 4504 ἐγράψω)
751 4437 832 4503 pavli)
857 4436 925 4490 θὼθ
949 4430 972 4488 ν’
993 4435 1093 4504 Διοκλ]
1108 4439 1216 4490 ....κθ
1235 4435 1311 4504 (ecrit
1324 4434 1454 4489 „rhos

584 4521 616 4576 de
634 4522 738 4576 l'annee
757 4522 789 4577 de
807 4521 955 4576 Diocletien
974 4523 1014 4590 (ὅ)
1033 4526 1077 4576 29.

215 4629 242 4678 2.
262 4623 342 4678 inser.
362 4628 429 4677 1126
447 4623 555 4678 Tauria.
592 4625 648 4681 ἀπὸ
666 4625 769 4695 Διοκλβ
778 4611 830 4693 {fd
848 4625 1014 4694 (αρογανος
1031 4612 1094 4682 {dl-t.

1263 4714 1299 4764 2*
