3376 5200
739 819 791 916 Π.

206 997 266 1062 His
288 996 506 1062 instrumentis
531 1013 601 1059 oum
624 998 811 1061 deducamur
834 993 868 1058 in
891 999 1027 1060 aetatem
1050 994 1268 1077 Byzantium,
1302 1012 1379 1075 quae
1408 993 1444 1058 in

100 1101 262 1164 Romanae
286 1101 388 1166 locum
411 1101 576 1177 suecessit,
608 1118 644 1164 ex
666 1098 919 1163 institutionibus
943 1098 1079 1180 puhliois
1102 1096 1265 1181 inprimis
1291 1116 1328 1163 ea
1349 1095 1444 1162 debe·

101 1223 173 1268 mus
197 1208 349 1286 tractare,
381 1221 459 1284 quae
481 1202 521 1265 ad
544 1201 768 1284 intellegendos
791 1200 872 1266 looos
895 1201 1048 1283 plurimos
1072 1201 1244 1267 necessaria
1266 1203 1347 1266 sunt.
1371 1219 1444 1283 ege-

102 1309 180 1372 runt
203 1323 277 1370 uero
302 1306 339 1370 de
360 1306 409 1370 his
432 1307 541 1371 rebus:

207 1408 332 1491 ,Verpes
356 1409 406 1473 M.
430 1409 606 1475 dissertatio
631 1410 668 1472 de
691 1410 779 1472 statu
801 1408 940 1491 Aegypti
970 1407 1148 1488 prouinciae
1177 1407 1337 1472 Romanae
1368 1406 1385 1469 Ι
1413 1406 1447 1470 et

109 1513 146 1576 11
168 1518 236 1596 post
259 1512 419 1578 Christum
435 1501 553 1579 ¹natum
583 1512 697 1578 seoulis
719 1511 768 1563 (sio
797 1509 962 1595 Gottingae
988 1511 1085 1588 1842;
1117 1510 1263 1596 Beitrtge
1294 1530 1347 1576 zur
1366 1511 1444 1575 Ver-

107 1615 232 1699 fassung
255 1614 515 1682 oes'Remisohon
537 1617 668 1682 Reiohes
691 1615 751 1680 mit
772 1617 959 1682 besonderer
982 1614 1156 1680 Rhohsioht
1180 1614 1237 1679 auf
1257 1614 1288 1679 d.
1309 1613 1447 1692 Periode

109 1737 167 1784 von
190 1718 374 1785 Constantin
397 1720 446 1785 bis
469 1720 527 1784 auf
545 1719 567 1785 J
568 1719 706 1785 ustinian
722 1739 748 1782 o.
766 1716 857 1782 Emit
872 1717 975 1782 Kato
991 1718 1085 1802 Lng.
1104 1715 1198 1795 1849,
1215 1715 1267 1798 8⁰3
1284 1716 1334 1780 M,
1353 1715 1447 1780 Sam.

106 1820 233 1902 Sborpe
246 1823 368 1906 history
383 1823 417 1886 of
426 1822 529 1907 Egypt
545 1823 643 1888 under
655 1823 708 1887 the
719 1822 889 1887 Ptolemies
901 1821 962 1886 and
975 1822 1027 1886 the
1039 1822 1178 1898 Romans
1195 1817 1326 1884 London
1343 1819 1448 1904 1842,

105 1923 139 1990 0.
156 1925 187 1988 Ι.
205 1925 245 1990 G.
267 1924 335 1989 ΙΙΙ
346 1947 383 2006 p.
408 1930 489 2010 309,
513 1926 657 2007 Radorff
667 1929 698 1992 in
715 1925 817 1992 Musei
839 1926 983 1990 Rhenani
1006 1925 1043 1988 V,
1068 1925 1098 1990 S.
1122 1925 1183 1988 vol.
1206 1924 1257 2006 ΙΙ,
1282 1921 1445 1986 Latroaae

102 2027 280 2094 Materiam
303 2049 380 2112 pour
403 2031 501 2096 servir
524 2033 542 2096 a
564 2031 716 2096 l'histoire
733 2031 774 2095 du
791 2031 1019 2096 christianismo
1042 2049 1080 2095 en
1095 2012 1217 2112 ligypte
1233 2027 1321 2092 Paris
1341 2026 1447 2107 18325

105 2131 225 2195 Tossos
253 2133 409 2196 Nerutaos
442 2135 475 2198 in
504 2134 657 2198 Athenaei
690 2134 883 2216 (Ἀθήναιον)
916 2133 990 2197 noll.
1018 2132 1053 2196 ll
1082 2133 1114 2196 et
1141 2131 1210 2214 ΠΙ,
1248 2130 1337 2195 Adde
1367 2129 1444 2209 Pap.

101 2233 252 2298 Portse'a.
278 2240 332 2314 69;
356 2234 440 2317 Pap.
463 2236 584 2319 Eqpert
606 2235 845 2315 Sooharensem3
869 2236 944 2317 Pap.
968 2234 1242 2299 vindobonensem
1266 2233 1310 2296 N.
1329 2235 1371 2296 31
1394 2231 1446 2295 in·

104 2339 240 2418 editum,
265 2339 376 2421 quibus
398 2358 487 2404 nemo
511 2339 669 2422 hueusque
693 2359 767 2404 usus
790 2342 838 2404 est
859 2337 893 2401 in
916 2338 976 2402 hao
996 2357 1029 2400 re
1051 2337 1226 2402 tractanda.

210 2442 315 2524 Atque
337 2441 473 2526 Aegypti
496 2443 654 2526 princeps,
692 2445 728 2506 ut
760 2442 792 2507 in
822 2441 940 2507 medias
969 2459 1018 2504 res
1044 2439 1198 2516 feramur,
1236 2455 1291 2520 per
1319 2431 1442 2501 saecula

101 2546 157 2611 111
180 2545 241 2610 fuit
264 2546 450 2629 Augustalis
473 2546 526 2611 ille
548 2546 724 2628 praefectus
751 2547 830 2628 (siue
853 2543 1038 2628 Augustalis
1069 2561 1153 2622 mere
1176 2541 1314 2622 dietus),
1351 2557 1445 2621 quem

102 2649 218 2714 Graeci
240 2649 440 2732 appellabant
464 2652 519 2715 aut
543 2651 683 2730 ἄρχοντα
693 2650 730 2731 ⁷),
755 2651 907 2729 ἔπαρχον,
936 2650 1091 2727 ὕπαρχον,
1123 2647 1264 2727 ἡγεμόνα
1284 2644 1448 2720 Αἰγύπτου

103 2757 162 2820 aut
187 2751 260 2836 quia
282 2753 489 2818 Alexandriae
512 2754 617 2818 sedem
646 2753 791 2831 habebat,
827 2755 1000 2833 ἐπίτροπον
1036 2751 1272 2830 Ἀλεξανδρεία(
1306 2749 1357 2814 καὶ
1391 2750 1449 2824 τῆς

103 2861 237 2941 χώραε;
261 2857 298 2922 de
319 2857 475 2940 praefecto
501 2859 669 2940 Augustali
693 2876 764 2922 oum
787 2857 867 2922 nihil
883 2858 1142 2922 commemoretur
1164 2853 1197 2918 in
1218 2849 1451 2917 instrumentis
1542 2898 1544 2902 .

103 2962 198 3042 meis,
222 2962 329 3043 paneis
352 2981 454 3046 agam.
477 2963 620 3042 praeerat
642 2961 741 3045 igitur
764 2966 795 3024 et
818 2962 863 3025 rei
887 2961 1020 3026 militari
1044 2962 1074 3024 et
1092 2957 1179 3023 ciuili
1192 2954 1388 3039 prouinciam
1411 2971 1448 3016 ox
1575 3033 1577 3040 y
1684 2973 1685 3016 γ

104 3083 165 3130 suo
188 3066 314 3131 arbitrio
345 3066 522 3147 gubernans
545 3084 600 3146 per
623 3064 734 3142 ediota,
759 3083 889 3147 quorum
914 3063 945 3126 ll
970 3064 1137 3146 supersunt
1161 3057 1317 3143 lapidibus
1349 3055 1447 3122 ineisa

106 3167 143 3234 0.
160 3169 187 3232 Ι.
210 3167 247 3234 G.
265 3169 326 3234 III.
349 3169 444 3234 4956.
460 3167 555 3233 4957.
579 3171 672 3251 atque
695 3168 783 3232 tertii
806 3168 901 3232 ediuti
923 3168 1101 3250 fragmenta
1124 3183 1193 3246 pap.
1221 3160 1351 3228 Vindob.
1368 3159 1407 3222 31
1420 3159 1447 3240 ⁸)

104 3272 234 3336 uidetur
257 3271 424 3336 continere.
449 3274 587 3336 ceterum
610 3271 711 3336 ediota
733 3272 946 3354 peruulganda
967 3271 1154 3335 ourauerunt
1172 3264 1312 3346 strategi.
1345 3265 1449 3342 magis

106 3376 271 3458 magisque
293 3376 483 3440 inminutam
506 3393 572 3439 esse
595 3374 747 3455 praefeoti
769 3373 943 3458 augustalis
966 3374 1155 3456 potestatem
1178 3388 1234 3451 per
1252 3367 1380 3432 'saeoula
1396 3383 1446 3442 ea,

108 3496 190 3561 quae
213 3479 430 3560 sequebantur,
454 3478 588 3542 oonstat.

217 3581 378 3664 Aegyptus
413 3582 587 3664 antiquitus
622 3580 725 3645 diuisa
751 3583 822 3660 verat
849 3581 884 3644 in
912 3581 1017 3663 partes
1047 3580 1112 3642 tres
1141 3574 1333 3642 Thebaidem
1364 3571 1442 3646 dieo,

108 3685 331 3766 Heptanomin,
356 3685 536 3769 Aegyptum
559 3685 758 3763 inferiorem,
788 3703 919 3766 quarum
950 3683 1182 3764 prouinoiarum
1213 3673 1450 3766 administratio

112 3808 207 3872 penes
230 3789 434 3872 epistrategos
458 3793 539 3864 e1·at;
563 3789 616 3871 qui
646 3789 772 3872 quidem
802 3788 1024 3870 magistratus,
1055 3805 1074 3850 a
1102 3785 1226 3868 regibus
1255 3774 1450 3846 Ptolemaeis

110 3893 287 3976 institutus,
310 3912 329 3957 a
350 3893 500 3959 Romanis
517 3893 650 3956 ‘seruata
673 3892 822 3958 memoria
844 3895 989 3974 reoeptus
1013 3891 1069 3954 est.
1105 3889 1166 3953 fnit
1197 3888 1303 3951 autem
1332 3882 1446 3945 Roma·

114 4014 227 4061 norum
250 3998 354 4061 aetate
374 3995 578 4076 magistratus
601 3993 704 4060 ciuilis
727 3993 859 4076 imperio
891 3993 1025 4058 militari
1056 3993 1222 4073 sedemque
1245 3990 1382 4056 habebat
1416 3991 1448 4055 in

117 4099 220 4182 eapite
241 4100 427 4182 prouinciae.
458 4097 515 4162 sub
551 4098 752 4179 dispositione
787 4097 969 4180 epistrategi
1008 4099 1096 4162 erant
1130 4093 1280 4178 praefecti
1314 4094 1451 4180 singulis

114 4201 218 4268 nomis
240 4238 283 4249 -
305 4202 358 4284 qui
382 4201 583 4284 magistratus
608 4205 674 4266 erat
695 4219 781 4265 mere
803 4200 904 4265 oiuilis
928 4235 969 4248 -
993 4199 1132 4283 strategi,
1159 4199 1212 4280 qui
1234 4196 1337 4262 nomis
1359 4216 1450 4280 prae·

116 4306 273 4372 sidebant.
296 4309 388 4386 atque
411 4324 524 4370 nomen
553 4308 781 4388 strategorum,
811 4307 970 4386 receptum
1002 4323 1021 4368 a
1050 4302 1301 4367 Ptolemaeorum
1331 4302 1449 4378 aetate,

117 4431 222 4439 .-—---

220 4479 239 4546 7)
258 4477 405 4531 Iustiniani
424 4477 538 4546 denique
555 4477 722 4546 temporibus
740 4478 805 4548 quid
824 4477 907 4531 fuerit
932 4479 1030 4545 ἅρχων
1050 4475 1195 4541 Αἰγύπτου
1215 4474 1400 4543 intellegimus
1420 4489 1452 4526 ex

114 4565 183 4620 Nor.
202 4563 267 4618 VlIl
286 4564 309 4633 q.
328 4568 370 4628 35,
389 4568 430 4626 36,
449 4569 481 4616 37
501 4563 629 4618 Edictum·
647 4563 717 4617 Xlll
735 4580 756 4617 o.
777 4569 800 4618 1.

221 4671 240 4738 ⁸)
258 4684 282 4724 v.
303 4666 408 4722 Wiener
427 4668 538 4722 Studien
557 4667 604 4722 1v.
625 4685 651 4736 p.
672 4673 729 4722 191.
